ISA*00*          *00*          *08*6111250032     *01*056021462      *050620*2206*U*00401*000000210*0*P*:
GS*FA*6111250032*056021462*20050620*2206*210*X*004010
ST*997*0210
AK1*PR*513
AK9*A*2*2*2
SE*4*0210
GE*1*210
IEA*1*000000210
ISA*00*          *00*          *08*6111250032     *01*056021462      *050620*2206*U*00401*000000211*0*P*:
GS*FA*6111250032*056021462*20050620*2206*211*X*004010
ST*997*0211
AK1*PR*514
AK9*A*2*2*2
SE*4*0211
GE*1*211
IEA*1*000000211
ISA*00*          *00*          *14*072271711USAP  *01*056021462      *050620*2150*^*00406*000000011*0*P*>
GS*RA*072271711USAP*056021462*20050620*214959*10*X*004060
ST*820*0010
BPR*I*78094*C*CHK*PBC
TRN*1*2001083576
CUR*BY*USD
REF*ZZ*0001020622
DTM*020*20050620
N1*PE*GARDEN STATE GROWERS
REF*VR*297831
N1*PR*HOME DEPOT U.S.A., INC.
ENT*1
RMR*OS*09030682**-14.6*-14.6*0*CM*0
REF*RZ*CONSIGNM
DTM*999*20050616
RMR*OS*09042864**-9.78*-9.78*0*CM*0
REF*RZ*CONSIGNM
DTM*999*20050615
RMR*OS*09042886**-3.74*-3.74*0*CM*0
REF*RZ*CONSIGNM
DTM*999*20050616
RMR*OS*09067126**-8.63*-8.63*0*CM*0
REF*RZ*CONSIGNM
DTM*999*20050616
RMR*OS*09150230**-20.37*-20.37*0*CM*0
REF*RZ*CONSIGNM
DTM*999*20050615
RMR*OS*09150236**-22.62*-22.62*0*CM*0
REF*RZ*CONSIGNM
DTM*999*20050616
RMR*OS*09165103**-3.74*-3.74*0*CM*0
DTM*999*20050616
RMR*OS*09187023**-3.74*-3.74*0*CM*0
REF*RZ*CONSIGNM
DTM*999*20050615
RMR*OS*09187048**-3.74*-3.74*0*CM*0
REF*RZ*CONSIGNM
DTM*999*20050616
RMR*OS*09316661**-67.32*-67.32*0*CM*0
REF*RZ*CONSIGNM
DTM*999*20050616
RMR*OS*09320735**-6.21*-6.21*0*CM*0
REF*RZ*CONSIGNM
DTM*999*20050616
RMR*OS*09410270**-14.96*-14.96*0*CM*0
DTM*999*20050616
RMR*OS*09445404**-1.78*-1.78*0*CM*0
REF*RZ*CONSIGNM
DTM*999*20050615
RMR*OS*09445493**-5.41*-5.41*0*CM*0
REF*RZ*CONSIGNM
DTM*999*20050616
RMR*OS*09623573**-4.26*-4.26*0*CM*0
REF*RZ*CONSIGNM
DTM*999*20050616
RMR*OS*09634690**-5.41*-5.41*0*CM*0
REF*RZ*CONSIGNM
DTM*999*20050616
RMR*OS*09838908**-22.44*-22.44*0*CM*0
REF*RZ*CONSIGNM
DTM*999*20050615
RMR*IV*090366987**589.19*595.14*5.95*PT*0
REF*PO*0003051077
DTM*999*20050420
RMR*IV*090367102**520.8*526.06*5.26*PT*0
REF*PO*0003051224
DTM*999*20050421
RMR*IV*090367227**320.73*323.97*3.24*PT*0
REF*PO*0003051242
DTM*999*20050422
RMR*IV*090370313**217*217*0*PT*0
REF*PO*0003054690
DTM*999*20050520
RMR*IV*090370338**1117.58*1117.58*0*PT*0
REF*PO*0003054697
DTM*999*20050521
RMR*IV*090370376**492.49*492.49*0*PT*0
REF*PO*0003054914
DTM*999*20050522
RMR*IV*090404104**590.63*596.6*5.97*PT*0
REF*PO*0004065441
DTM*999*20050420
RMR*IV*090404168**598.65*604.7*6.05*PT*0
REF*PO*0004065511
DTM*999*20050421
RMR*IV*090404304**374.71*378.5*3.79*PT*0
REF*PO*0004065586
DTM*999*20050422
RMR*IV*090408088**980.53*980.53*0*PT*0
REF*PO*0004069249
DTM*999*20050520
RMR*IV*090408137**2288.02*2288.02*0*PT*0
REF*PO*0004069253
DTM*999*20050521
RMR*IV*090629968**844.62*853.15*8.53*PT*0
REF*PO*0006054835
DTM*999*20050420
RMR*IV*090630132**769.82*777.6*7.78*PT*0
REF*PO*0006054996
DTM*999*20050421
RMR*IV*090630271**516.48*521.7*5.22*PT*0
REF*PO*0006055014
DTM*999*20050422
RMR*IV*090633841**551.67*551.67*0*PT*0
REF*PO*0006058590
DTM*999*20050520
RMR*IV*090633864**1726.56*1726.56*0*PT*0
REF*PO*0006058598
DTM*999*20050521
RMR*IV*090633878**627.84*627.84*0*PT*0
REF*PO*0006058842
DTM*999*20050522
RMR*IV*091549481**1245.08*1257.66*12.58*PT*0
REF*PO*0015049743
DTM*999*20050420
RMR*IV*091549665**952.82*962.44*9.62*PT*0
REF*PO*0015049883
DTM*999*20050421
RMR*IV*091549885**1302.73*1315.89*13.16*PT*0
REF*PO*0015049905
DTM*999*20050422
RMR*IV*091553848**737.89*737.89*0*PT*0
REF*PO*0015053719
DTM*999*20050520
RMR*IV*091553936**3508.72*3508.72*0*PT*0
REF*PO*0015053731
DTM*999*20050521
RMR*IV*091553950**1414.01*1414.01*0*PT*0
REF*PO*0015054041
DTM*999*20050522
RMR*IV*091643793**401.38*405.43*4.05*PT*0
REF*PO*0016081551
DTM*999*20050420
RMR*IV*091643970**218.63*220.84*2.21*PT*0
REF*PO*0016081692
DTM*999*20050421
RMR*IV*091644096**464.16*468.85*4.69*PT*0
REF*PO*0016081710
DTM*999*20050422
RMR*IV*091646955**138.9*138.9*0*PT*0
REF*PO*0016085600
DTM*999*20050520
RMR*IV*091646970**936.91*936.91*0*PT*0
REF*PO*0016085607
DTM*999*20050521
RMR*IV*091646980**651.22*651.22*0*PT*0
REF*PO*0016085837
DTM*999*20050522
RMR*IV*091848881**461.31*465.97*4.66*PT*0
REF*PO*0018046408
DTM*999*20050420
RMR*IV*091849081**227.25*229.55*2.3*PT*0
REF*PO*0018046547
DTM*999*20050421
RMR*IV*091849303**236.46*238.85*2.39*PT*0
REF*PO*0018046560
DTM*999*20050422
RMR*IV*091853435**93.08*93.08*0*PT*0
REF*PO*0018050011
DTM*999*20050520
RMR*IV*091853490**1503.11*1503.11*0*PT*0
REF*PO*0018050017
DTM*999*20050521
RMR*IV*091853503**662.01*662.01*0*PT*0
REF*PO*0018050281
DTM*999*20050522
RMR*IV*092272495**547.24*552.77*5.53*PT*0
REF*PO*0022043646
DTM*999*20050420
RMR*IV*092272678**697.69*704.74*7.05*PT*0
REF*PO*0022043756
DTM*999*20050421
RMR*IV*092272829**618.29*624.54*6.25*PT*0
REF*PO*0022043776
DTM*999*20050422
RMR*IV*092276873**611.28*611.28*0*PT*0
REF*PO*0022047203
DTM*999*20050520
RMR*IV*092276914**989.95*989.95*0*PT*0
REF*PO*0022047211
DTM*999*20050521
RMR*IV*092276947**455.89*455.89*0*PT*0
REF*PO*0022047499
DTM*999*20050522
RMR*IV*092668067**329.39*332.72*3.33*PT*0
REF*PO*0026037832
DTM*999*20050420
RMR*IV*092668224**271.91*274.66*2.75*PT*0
REF*PO*0026038087
DTM*999*20050421
RMR*IV*092668416**619.48*625.74*6.26*PT*0
REF*PO*0026038102
DTM*999*20050422
RMR*IV*092672699**123.16*123.16*0*PT*0
REF*PO*0026042116
DTM*999*20050520
RMR*IV*092672717**1174.64*1174.64*0*PT*0
REF*PO*0026042122
DTM*999*20050521
RMR*IV*092672727**856.28*856.28*0*PT*0
REF*PO*0026042409
DTM*999*20050522
RMR*IV*093138389**341.4*344.85*3.45*PT*0
REF*PO*0031000243
DTM*999*20050420
RMR*IV*093138589**693.77*700.78*7.01*PT*0
REF*PO*0031000370
DTM*999*20050421
RMR*IV*093138687**542.79*548.27*5.48*PT*0
REF*PO*0031000390
DTM*999*20050422
RMR*IV*093142003**337.62*337.62*0*PT*0
REF*PO*0031003846
DTM*999*20050520
RMR*IV*093142024**1292.03*1292.03*0*PT*0
REF*PO*0031003857
DTM*999*20050521
RMR*IV*093142101**522.93*522.93*0*PT*0
REF*PO*0031004135
DTM*999*20050522
RMR*IV*093292247**624.94*631.25*6.31*PT*0
REF*PO*0032039454
DTM*999*20050420
RMR*IV*093292451**494.58*499.58*5*PT*0
REF*PO*0032039562
DTM*999*20050421
RMR*IV*093292678**660.41*667.08*6.67*PT*0
REF*PO*0032039655
DTM*999*20050422
RMR*IV*093296825**1070.7*1070.7*0*PT*0
REF*PO*0032043572
DTM*999*20050520
RMR*IV*093296882**1895.11*1895.11*0*PT*0
REF*PO*0032043581
DTM*999*20050521
RMR*IV*094190816**643.67*650.17*6.5*PT*0
REF*PO*0041014221
DTM*999*20050420
RMR*IV*094190955**582.49*588.37*5.88*PT*0
REF*PO*0041014333
DTM*999*20050421
RMR*IV*094191112**558.19*563.83*5.64*PT*0
REF*PO*0041014346
DTM*999*20050422
RMR*IV*094194436**371.64*371.64*0*PT*0
REF*PO*0041017581
DTM*999*20050520
RMR*IV*094194450**834.56*834.56*0*PT*0
REF*PO*0041017588
DTM*999*20050521
RMR*IV*094194465**835.07*835.07*0*PT*0
REF*PO*0041017819
DTM*999*20050522
RMR*IV*094487802**407.25*411.36*4.11*PT*0
REF*PO*0044043031
DTM*999*20050420
RMR*IV*094487954**358.8*362.42*3.62*PT*0
REF*PO*0044043175
DTM*999*20050421
RMR*IV*094488080**699.29*706.35*7.06*PT*0
REF*PO*0044043189
DTM*999*20050422
RMR*IV*094491191**180.67*180.67*0*PT*0
REF*PO*0044047516
DTM*999*20050520
RMR*IV*094491214**1031.02*1031.02*0*PT*0
REF*PO*0044047523
DTM*999*20050521
RMR*IV*094491224**617.76*617.76*0*PT*0
REF*PO*0044047532
DTM*999*20050522
RMR*IV*094759147**749.92*757.49*7.57*PT*0
REF*PO*0047095050
DTM*999*20050420
RMR*IV*094759348**580.83*586.7*5.87*PT*0
REF*PO*0047095169
DTM*999*20050421
RMR*IV*094759555**547.96*553.5*5.54*PT*0
REF*PO*0047095191
DTM*999*20050422
RMR*IV*094763521**351.17*351.17*0*PT*0
REF*PO*0047099002
DTM*999*20050520
RMR*IV*094763544**1463.15*1463.15*0*PT*0
REF*PO*0047099016
DTM*999*20050521
RMR*IV*094763572**652.19*652.19*0*PT*0
REF*PO*0047099328
DTM*999*20050522
RMR*IV*095738341**356.82*360.42*3.6*PT*0
REF*PO*0057068935
DTM*999*20050420
RMR*IV*095738454**266.11*268.8*2.69*PT*0
REF*PO*0057069066
DTM*999*20050421
RMR*IV*095738568**236.17*238.56*2.39*PT*0
REF*PO*0057069077
DTM*999*20050422
RMR*IV*095741801**41.82*41.82*0*PT*0
REF*PO*0057072421
DTM*999*20050520
RMR*IV*095741816**670.51*670.51*0*PT*0
REF*PO*0057072428
DTM*999*20050521
RMR*IV*095741827**427.65*427.65*0*PT*0
REF*PO*0057072676
DTM*999*20050522
RMR*IV*096233871**656.79*663.42*6.63*PT*0
REF*PO*0062083794
DTM*999*20050420
RMR*IV*096233942**521.59*526.86*5.27*PT*0
REF*PO*0062083926
DTM*999*20050421
RMR*IV*096234143**457.52*462.14*4.62*PT*0
REF*PO*0062083948
DTM*999*20050422
RMR*IV*096237184**160.94*160.94*0*PT*0
REF*PO*0062087125
DTM*999*20050520
RMR*IV*096237209**1038.89*1038.89*0*PT*0
REF*PO*0062087131
DTM*999*20050521
RMR*IV*096237222**887.2*887.2*0*PT*0
REF*PO*0062087362
DTM*999*20050522
RMR*IV*096343062**633.78*640.18*6.4*PT*0
REF*PO*0063046932
DTM*999*20050420
RMR*IV*096343244**674.35*681.16*6.81*PT*0
REF*PO*0063047068
DTM*999*20050421
RMR*IV*096343368**1486.13*1501.14*15.01*PT*0
REF*PO*0063047084
DTM*999*20050422
RMR*IV*096346648**994.24*994.24*0*PT*0
REF*PO*0063050137
DTM*999*20050520
RMR*IV*096346667**1669.7*1669.7*0*PT*0
REF*PO*0063050144
DTM*999*20050521
RMR*IV*096530462**323.31*326.58*3.27*PT*0
REF*PO*0065039951
DTM*999*20050420
RMR*IV*096530562**235.6*237.98*2.38*PT*0
REF*PO*0065040056
DTM*999*20050421
RMR*IV*096530717**220.45*222.68*2.23*PT*0
REF*PO*0065040069
DTM*999*20050422
RMR*IV*096533714**349.66*349.66*0*PT*0
REF*PO*0065042952
DTM*999*20050520
RMR*IV*096533725**1218.85*1218.85*0*PT*0
REF*PO*0065042963
DTM*999*20050521
RMR*IV*096533734**458.38*458.38*0*PT*0
REF*PO*0065043161
DTM*999*20050522
RMR*IV*098105804**319.47*322.7*3.23*PT*0
REF*PO*0081009392
DTM*999*20050420
RMR*IV*098105879**317.97*321.18*3.21*PT*0
REF*PO*0081009580
DTM*999*20050421
RMR*IV*098105959**281.65*284.5*2.85*PT*0
REF*PO*0081009615
DTM*999*20050422
RMR*IV*098108433**216.32*216.32*0*PT*0
REF*PO*0081013756
DTM*999*20050520
RMR*IV*098108448**1191.96*1191.96*0*PT*0
REF*PO*0081013767
DTM*999*20050521
RMR*IV*098108458**603.24*603.24*0*PT*0
REF*PO*0081013980
DTM*999*20050522
RMR*IV*098379703**335.25*338.64*3.39*PT*0
REF*PO*0083002769
DTM*999*20050420
RMR*IV*098379838**195.22*197.19*1.97*PT*0
REF*PO*0083002950
DTM*999*20050421
RMR*IV*098379982**252.52*255.07*2.55*PT*0
REF*PO*0083002974
DTM*999*20050422
RMR*IV*098383410**583.07*583.07*0*PT*0
REF*PO*0083007123
DTM*999*20050520
RMR*IV*098383421**1053.93*1053.93*0*PT*0
REF*PO*0083007131
DTM*999*20050521
RMR*IV*417315063**601.9*607.98*6.08*PT*0
REF*PO*0073028649
DTM*999*20050420
RMR*IV*417315170**360.18*363.82*3.64*PT*0
REF*PO*0073028778
DTM*999*20050421
RMR*IV*417315269**253.44*256*2.56*PT*0
REF*PO*0073028810
DTM*999*20050422
RMR*IV*417317563**245.92*245.92*0*PT*0
REF*PO*0073031809
DTM*999*20050520
RMR*IV*417317575**1144.32*1144.32*0*PT*0
REF*PO*0073031816
DTM*999*20050521
RMR*IV*417317589**849.83*849.83*0*PT*0
REF*PO*0073032060
DTM*999*20050522
SE*408*0010
GE*1*10
IEA*1*000000011
ISA*00*          *00*          *09*006985290AC    *01*056021462      *050620*2239*U*00400*000100066*0*P*>
GS*RC*006985290AC*056021462*20050620*22392375*100066*X*004010
ST*861*000000001
BRA*200506200000007138*20050620*00*1
REF*IA*SBT00000067
DTM*097*20050620
N1*FR*KMART*1*008965873
RCD**1*CT
DTM*995*20050620
MAN*GM*00040089140001657995
N1*RL**92*03056
CTT*1
SE*11*000000001
GE*1*100066
IEA*1*000100066
ISA*00*          *00*          *09*006985290AC    *01*056021462      *050621*0414*U*00400*000000083*0*P*>
GS*PD*006985290AC*056021462*20050621*04145181*83*X*004010
ST*852*000000001
XQ*H*20050621
N9*AD*T00000067
LIN**CB*966375115*ZZ*43*UP*008914100403*****DG*1*VS*00000
ZA*QS***006*20050620
CTP**UCP*1.85
SDQ*EA*ZZ*3737*10*4344*26
CTT*1
SE*9*000000001
ST*852*000000002
XQ*H*20050621
N9*AD*T00000067
LIN**CB*966898116*ZZ*43*UP*008914008587*****DG*1*VS*00000
ZA*QS***006*20050620
CTP**UCP*6
SDQ*EA*ZZ*3737*1
CTT*1
SE*9*000000002
ST*852*000000003
XQ*H*20050621
N9*AD*T00000067
LIN**CB*974881112*ZZ*43*UP*008914305891*****DG*1*VS*00000
ZA*QS***006*20050620
CTP**UCP*1.08
SDQ*EA*ZZ*3523*2*3561*1*3825*12*7602*4*9393*4
CTT*1
SE*9*000000003
ST*852*000000004
XQ*H*20050621
N9*AD*T00000067
LIN**CB*974881120*ZZ*43*UP*008914305839*****DG*1*VS*00000
ZA*QS***006*20050620
CTP**UCP*1.08
SDQ*EA*ZZ*3561*8*7257*1*9393*1
CTT*1
SE*9*000000004
ST*852*000000005
XQ*H*20050621
N9*AD*T00000067
LIN**CB*974882136*ZZ*43*UP*008914311465*****DG*1*VS*00000
ZA*QS***006*20050620
CTP**UCP*1.3
SDQ*EA*ZZ*3527*1
CTT*1
SE*9*000000005
ST*852*000000006
XQ*H*20050621
N9*AD*T00000067
LIN**CB*974882151*ZZ*43*UP*008914300162*****DG*1*VS*00000
ZA*QS***006*20050620
CTP**UCP*1.3
SDQ*EA*ZZ*3028*71*3050*71*3056*10*3071*17*3077*86*3117*22*3187*26*3193*13*3196*58*3202*69
SDQ*EA*ZZ*3350*29*3361*33*3394*20*3414*107*3522*104*3523*72*3524*33*3527*17*3558*47*3561*58
SDQ*EA*ZZ*3643*36*3737*137*3990*21*4344*59*4361*71*4397*39*4470*62*4478*1*7192*33*7197*6
SDQ*EA*ZZ*7235*18*7257*41*7554*8*7602*123*9393*26
LIN**CB*974882151*ZZ*43*UP*008914300162*****DG*9*VS*00000
ZA*QS***006*20050620
CTP**UCP*1.3
SDQ*EA*ZZ*3825*46
CTT*2
SE*16*000000006
ST*852*000000007
XQ*H*20050621
N9*AD*T00000067
LIN**CB*974882169*ZZ*43*UP*008914306867*****DG*1*VS*00000
ZA*QS***006*20050620
CTP**UCP*1.3
SDQ*EA*ZZ*3028*7*3050*3*3056*19*3187*5*3394*2*3527*6*3558*1*3561*4*3643*1*3737*12
SDQ*EA*ZZ*3990*2*4344*15*7192*4*7197*5*7235*4*7257*3*7554*1*7602*4
CTT*1
SE*10*000000007
ST*852*000000008
XQ*H*20050621
N9*AD*T00000067
LIN**CB*974882177*ZZ*43*UP*008914380058*****DG*1*VS*00000
ZA*QS***006*20050620
CTP**UCP*1.3
SDQ*EA*ZZ*3028*2*3050*2*3117*2*3193*3*3361*2*3523*6*3524*9*3558*7*3561*2*4344*1
SDQ*EA*ZZ*4478*1*7197*4*7235*1
CTT*1
SE*10*000000008
ST*852*000000009
XQ*H*20050621
N9*AD*T00000067
LIN**CB*974883118*ZZ*43*UP*008914007306*****DG*5*VS*00000
ZA*QS***006*20050620
CTP**UCP*4.05
SDQ*EA*ZZ*7235*1
LIN**CB*974883118*ZZ*43*UP*008914007313*****DG*1*VS*00000
ZA*QS***006*20050620
CTP**UCP*4.05
SDQ*EA*ZZ*3561*1*7192*3
CTT*2
SE*13*000000009
ST*852*000000010
XQ*H*20050621
N9*AD*T00000067
LIN**CB*974884116*ZZ*43*UP*008914007702*****DG*1*VS*00000
ZA*QS***006*20050620
CTP**UCP*4.05
SDQ*EA*ZZ*3202*1*3527*1*4344*1*7554*3*9393*1
CTT*1
SE*9*000000010
ST*852*000000011
XQ*H*20050621
N9*AD*T00000067
LIN**CB*974884124*ZZ*43*UP*008914007719*****DG*1*VS*00000
ZA*QS***006*20050620
CTP**UCP*7.95
SDQ*EA*ZZ*3561*3*7602*2
LIN**CB*974884124*ZZ*43*UP*008914007719*****DG*5*VS*00000
ZA*QS***006*20050620
CTP**UCP*7.95
SDQ*EA*ZZ*3527*2
CTT*2
SE*13*000000011
ST*852*000000012
XQ*H*20050621
N9*AD*T00000067
LIN**CB*974885121*ZZ*43*UP*008914011051*****DG*1*VS*00000
ZA*QS***006*20050620
CTP**UCP*.28
SDQ*EA*ZZ*3056*1*3117*1*3187*1*3193*11*3561*20*3737*5*3825*16*4397*21*4470*6*7257*3
SDQ*EA*ZZ*7602*9
CTT*1
SE*10*000000012
ST*852*000000013
XQ*H*20050621
N9*AD*T00000067
LIN**CB*974885139*ZZ*43*UP*008914011044*****DG*1*VS*00000
ZA*QS***006*20050620
CTP**UCP*.5
SDQ*EA*ZZ*3202*1*7602*59
CTT*1
SE*9*000000013
ST*852*000000014
XQ*H*20050621
N9*AD*T00000067
LIN**CB*979000114*ZZ*43*UP*008914600002*****DG*1*VS*00000
ZA*QS***006*20050620
CTP**UCP*2.17
SDQ*EA*ZZ*3028*6*3202*1*3737*5*3990*1*4344*4*7257*13
CTT*1
SE*9*000000014
ST*852*000000015
XQ*H*20050621
N9*AD*T00000067
LIN**CB*979000130*ZZ*43*UP*008914500005*****DG*1*VS*00000
ZA*QS***006*20050620
CTP**UCP*2.17
SDQ*EA*ZZ*3071*1*3524*2*3737*2*7235*2
CTT*1
SE*9*000000015
ST*852*000000016
XQ*H*20050621
N9*AD*T00000067
LIN**CB*979000148*ZZ*43*UP*008914002035*****DG*1*VS*00000
ZA*QS***006*20050620
CTP**UCP*1.19
SDQ*EA*ZZ*3071*2
CTT*1
SE*9*000000016
ST*852*000000017
XQ*H*20050621
N9*AD*T00000067
LIN**CB*979003118*ZZ*43*UP*008914300278*****DG*1*VS*00000
ZA*QS***006*20050619
CTP**UCP*4.05
SDQ*EA*ZZ*4470*-3
ZA*QS***006*20050620
CTP**UCP*4.05
SDQ*EA*ZZ*3028*7*3050*6*3056*8*3077*10*3117*8*3196*7*3202*40*3350*11*3361*6*3394*4
SDQ*EA*ZZ*3414*24*3523*12*3524*7*3527*6*3558*9*3561*4*3643*12*3737*42*3825*2*3990*2
SDQ*EA*ZZ*4344*20*4361*18*4397*6*4470*31*4478*3*7192*16*7197*12*7235*4*7257*14*7554*2
SDQ*EA*ZZ*7602*35*9393*8
LIN**CB*979003118*ZZ*43*UP*008914300278*****DG*3*VS*00000
ZA*QS***006*20050620
CTP**UCP*4.05
SDQ*EA*ZZ*3187*2
CTT*2
SE*19*000000017
ST*852*000000018
XQ*H*20050621
N9*AD*T00000067
LIN**CB*979005113*ZZ*43*UP*008914011020*****DG*1*VS*00000
ZA*QS***006*20050620
CTP**UCP*7.25
SDQ*EA*ZZ*3523*4
CTT*1
SE*9*000000018
ST*852*000000019
XQ*H*20050621
N9*AD*T00000067
LIN**CB*979007127*ZZ*43*UP*008914010023*****DG*1*VS*00000
ZA*QS***006*20050620
CTP**UCP*10.4
SDQ*EA*ZZ*3028*3*3193*2*3202*2*3414*1*3523*1*4361*1*7602*2
CTT*1
SE*9*000000019
ST*852*000000020
XQ*H*20050621
N9*AD*T00000067
LIN**CB*979008125*ZZ*43*UP*008914002127*****DG*1*VS*00000
ZA*QS***006*20050620
CTP**UCP*5.19
SDQ*EA*ZZ*7192*1
CTT*1
SE*9*000000020
ST*852*000000021
XQ*H*20050621
N9*AD*T00000067
LIN**CB*979009115*ZZ*43*UP*008914004008*****DG*1*VS*00000
ZA*QS***006*20050620
CTP**UCP*.9
SDQ*EA*ZZ*3028*15*3050*74*3056*25*3071*18*3077*8*3117*11*3187*38*3193*21*3196*10*3202*26
SDQ*EA*ZZ*3350*3*3361*14*3394*15*3414*4*3522*27*3523*23*3524*18*3527*29*3558*17*3561*4
SDQ*EA*ZZ*3643*7*3737*40*3825*3*3990*9*4361*19*4397*30*4470*2*4478*22*7192*5*7235*15
SDQ*EA*ZZ*7257*4*7554*17*7602*17*9393*8
LIN**CB*979009115*ZZ*43*UP*008914004008*****DG*3*VS*00000
ZA*QS***006*20050620
CTP**UCP*.9
SDQ*EA*ZZ*4344*83
LIN**CB*979009115*ZZ*43*UP*008914004008*****DG*8*VS*00000
ZA*QS***006*20050620
CTP**UCP*.9
SDQ*EA*ZZ*4361*2
CTT*3
SE*20*000000021
ST*852*000000022
XQ*H*20050621
N9*AD*T00000067
LIN**CB*979010113*ZZ*43*UP*008914009522*****DG*1*VS*00000
ZA*QS***006*20050620
CTP**UCP*1.5
SDQ*EA*ZZ*3050*1*3077*6*3361*1*3522*2*3523*2*3524*1*3527*1*3558*7*3643*3*3825*2
SDQ*EA*ZZ*4478*20*7554*2
CTT*1
SE*10*000000022
ST*852*000000023
XQ*H*20050621
N9*AD*T00000067
LIN**CB*979011111*ZZ*43*UP*008914305860*****DG*1*VS*00000
ZA*QS***006*20050620
CTP**UCP*2
SDQ*EA*ZZ*3050*6*3056*2*3071*3*3117*2*3202*3*3350*1*3414*13*3523*2*3524*1*3558*9
SDQ*EA*ZZ*3737*1*4344*3*4470*5*4478*2*7192*3*7257*3*7602*7
CTT*1
SE*10*000000023
ST*852*000000024
XQ*H*20050621
N9*AD*T00000067
LIN**CB*979011129*ZZ*43*UP*008914002165*****DG*1*VS*00000
ZA*QS***006*20050620
CTP**UCP*1.19
SDQ*EA*ZZ*4344*13
CTT*1
SE*9*000000024
ST*852*000000025
XQ*H*20050621
N9*AD*T00000067
LIN**CB*979011137*ZZ*43*UP*008914305884*****DG*1*VS*00000
ZA*QS***006*20050620
CTP**UCP*2
SDQ*EA*ZZ*3028*1*3050*2*3077*14*3117*18*3196*2*3350*3*3361*12*3394*5*3414*11*3523*7
SDQ*EA*ZZ*3524*5*3527*6*3561*6*3643*1*3737*5*3825*9*4397*16*4470*4*4478*2*7192*5
SDQ*EA*ZZ*7257*8*7554*4*7602*5
CTT*1
SE*11*000000025
ST*852*000000026
XQ*H*20050621
N9*AD*T00000067
LIN**CB*979011145*ZZ*43*UP*008914002172*****DG*1*VS*00000
ZA*QS***006*20050620
CTP**UCP*1.19
SDQ*EA*ZZ*3187*3*4344*6*7554*8
CTT*1
SE*9*000000026
ST*852*000000027
XQ*H*20050621
N9*AD*T00000067
LIN**CB*979013117*ZZ*43*UP*008914309509*****DG*1*VS*00000
ZA*QS***006*20050620
CTP**UCP*1.65
SDQ*EA*ZZ*3202*57*3414*5*3523*10*3524*49*3643*15*3737*49*4344*6*4397*8*7192*4*7257*2
SDQ*EA*ZZ*7602*18
CTT*1
SE*10*000000027
ST*852*000000028
XQ*H*20050621
N9*AD*T00000067
LIN**CB*979016128*ZZ*43*UP*008914008228*****DG*1*VS*00000
ZA*QS***006*20050620
CTP**UCP*6.6
SDQ*EA*ZZ*3056*5*3077*2*3187*1*3523*1*3825*1*4344*1*4361*4*4478*1*7235*1
CTT*1
SE*9*000000028
ST*852*000000029
XQ*H*20050621
N9*AD*T00000067
LIN**CB*979016136*ZZ*43*UP*008914008525*****DG*1*VS*00000
ZA*QS***006*20050620
CTP**UCP*6.6
SDQ*EA*ZZ*3056*2
CTT*1
SE*9*000000029
ST*852*000000030
XQ*H*20050621
N9*AD*T00000067
LIN**CB*979018116*ZZ*43*UP*008914008600*****DG*1*VS*00000
ZA*QS***006*20050620
CTP**UCP*3.45
SDQ*EA*ZZ*3028*9*3050*4*3056*4*3071*2*3117*2*3196*10*3361*11*3394*1*3414*10*3523*18
SDQ*EA*ZZ*3524*3*3527*2*3561*1*3737*32*3990*7*4344*20*4361*1*4397*3*4448*4*4470*1
SDQ*EA*ZZ*7192*7*7197*16*7235*7*7554*3*7602*2
LIN**CB*979018116*ZZ*43*UP*008914008600*****DG*9*VS*00000
ZA*QS***006*20050620
CTP**UCP*3.45
SDQ*EA*ZZ*3825*4
CTT*2
SE*15*000000030
ST*852*000000031
XQ*H*20050621
N9*AD*T00000067
LIN**CB*979018124*ZZ*43*UP*008914008617*****DG*1*VS*00000
ZA*QS***006*20050620
CTP**UCP*3.45
SDQ*EA*ZZ*3028*3*3050*2*3056*1*3117*1*3361*1*3414*4*3523*1*3561*1*3737*3*7235*1
SDQ*EA*ZZ*7602*4
CTT*1
SE*10*000000031
ST*852*000000032
XQ*H*20050621
N9*AD*T00000067
LIN**CB*979018132*ZZ*43*UP*008914002004*****DG*1*VS*00000
ZA*QS***006*20050620
CTP**UCP*2
SDQ*EA*ZZ*3071*2*3187*2*3643*6*3737*2*4470*1*7602*2
CTT*1
SE*9*000000032
GE*32*83
IEA*1*000000083
ISA*00*          *00*          *14*0722717110100  *01*056021462      *050621*0342*|*00406*000001093*0*P*>
GS*PO*072271711*056021462*20050621*0342*714*X*004060
ST*850*000011084
BEG*00*CN*03058452**20050621*0903058452
CUR*BY*USD
DTM*038*20050623
N1*OB**92*0903
N3*3100 HAMILTON BLVD
N4*SOUTH PLAINFIELD*NJ*07080
REF*DP*028
REF*3J*0003
REF*MR*0000071689
PO1*0001*10*EA*1.78**VP*270489*SK*270489*UP*008914500005
PID*F****PERENNIAL 1QT(.946L)-GSG
PO4**1*EA
PO1*0002*53*EA*3.74**VP*272942*SK*272942*UP*008914008600
PID*F****PERENNIAL 1G(2.391L)-GSG
PO4**1*EA
PO1*0003*7*EA*4.26**VP*272965*SK*272965*UP*008914008617
PID*F****PERENNIAL PREMIUM 1G(2.391L)-GSG
PO4**1*EA
PO1*0004*6*EA*5.41**VP*273593*SK*273593*UP*008914394000
PID*F****PERENNIAL 2G(5.56L)-GSG
PO4**1*EA
PO1*0005*3*EA*6**VP*464096*SK*464096*UP*008914008587
PID*F****PERENNIAL PLANT LVRS 2.53QT(2.3L)-GS
PO4**1*EA
CTT*5*79
AMT*TT*419.34
SE*28*000011084
ST*850*000011085
BEG*00*CN*04073258**20050621*0904073258
CUR*BY*USD
DTM*038*20050623
N1*OB**92*0904
N3*520 ROUTE 17 NORTH
N4*PARAMUS*NJ*07652
REF*DP*028
REF*3J*0003
REF*MR*0000071689
PO1*0001*88*EA*3.74**VP*272942*SK*272942*UP*008914008600
PID*F****PERENNIAL 1G(2.391L)-GSG
PO4**1*EA
PO1*0002*11*EA*4.26**VP*272965*SK*272965*UP*008914008617
PID*F****PERENNIAL PREMIUM 1G(2.391L)-GSG
PO4**1*EA
PO1*0003*29*EA*5.41**VP*273593*SK*273593*UP*008914394000
PID*F****PERENNIAL 2G(5.56L)-GSG
PO4**1*EA
PO1*0004*1*EA*6.21**VP*381774*SK*381774*UP*008914008204
PID*F****GROUNDCOVER HALF FLAT 2.56L-GSG
PO4**1*EA
PO1*0005*5*EA*6**VP*464096*SK*464096*UP*008914008587
PID*F****PERENNIAL PLANT LVRS 2.53QT(2.3L)-GS
PO4**1*EA
CTT*5*134
AMT*TT*821.11
SE*28*000011085
ST*850*000011086
BEG*00*CN*06062496**20050621*0906062496
CUR*BY*USD
DTM*038*20050623
N1*OB**92*0906
N3*1515 ROUTE 22
N4*WATCHUNG*NJ*07069
REF*DP*028
REF*3J*0003
REF*MR*0000071689
PO1*0001*42*EA*1.78**VP*270489*SK*270489*UP*008914500005
PID*F****PERENNIAL 1QT(.946L)-GSG
PO4**1*EA
PO1*0002*86*EA*3.74**VP*272942*SK*272942*UP*008914008600
PID*F****PERENNIAL 1G(2.391L)-GSG
PO4**1*EA
PO1*0003*39*EA*4.26**VP*272965*SK*272965*UP*008914008617
PID*F****PERENNIAL PREMIUM 1G(2.391L)-GSG
PO4**1*EA
PO1*0004*8*EA*5.41**VP*273593*SK*273593*UP*008914394000
PID*F****PERENNIAL 2G(5.56L)-GSG
PO4**1*EA
PO1*0005*8*EA*6.21**VP*381774*SK*381774*UP*008914008204
PID*F****GROUNDCOVER HALF FLAT 2.56L-GSG
PO4**1*EA
PO1*0006*3*EA*1.12**VP*381944*SK*381944*UP*008914002035
PID*F****PERENNIAL 1QT(.946L)MARKDOWN SKU-GSG
PO4**1*EA
PO1*0007*2*EA*6**VP*464096*SK*464096*UP*008914008587
PID*F****PERENNIAL PLANT LVRS 2.53QT(2.3L)-GS
PO4**1*EA
CTT*7*188
AMT*TT*954.36
SE*34*000011086
ST*850*000011087
BEG*00*CN*15057978**20050621*0915057978
CUR*BY*USD
DTM*038*20050623
N1*OB**92*0915
N3*2445 SPRINGFIELD AVE
N4*VAUXHALL*NJ*07088
REF*DP*028
REF*3J*0003
REF*MR*0000071689
PO1*0001*123*EA*1.78**VP*270489*SK*270489*UP*008914500005
PID*F****PERENNIAL 1QT(.946L)-GSG
PO4**1*EA
PO1*0002*123*EA*3.74**VP*272942*SK*272942*UP*008914008600
PID*F****PERENNIAL 1G(2.391L)-GSG
PO4**1*EA
PO1*0003*100*EA*4.26**VP*272965*SK*272965*UP*008914008617
PID*F****PERENNIAL PREMIUM 1G(2.391L)-GSG
PO4**1*EA
PO1*0004*26*EA*5.41**VP*273593*SK*273593*UP*008914394000
PID*F****PERENNIAL 2G(5.56L)-GSG
PO4**1*EA
PO1*0005*22*EA*6.21**VP*381774*SK*381774*UP*008914008204
PID*F****GROUNDCOVER HALF FLAT 2.56L-GSG
PO4**1*EA
PO1*0006*3*EA*6**VP*464096*SK*464096*UP*008914008587
PID*F****PERENNIAL PLANT LVRS 2.53QT(2.3L)-GS
PO4**1*EA
CTT*6*397
AMT*TT*2035.51
SE*31*000011087
ST*850*000011088
BEG*00*CN*16089889**20050621*0916089889
CUR*BY*USD
DTM*038*20050623
N1*OB**92*0916
N3*373 ROUTE 9 SOUTH
N4*WOODBRIDGE*NJ*07095
REF*DP*028
REF*3J*0003
REF*MR*0000071689
PO1*0001*27*EA*1.78**VP*270489*SK*270489*UP*008914500005
PID*F****PERENNIAL 1QT(.946L)-GSG
PO4**1*EA
PO1*0002*33*EA*3.74**VP*272942*SK*272942*UP*008914008600
PID*F****PERENNIAL 1G(2.391L)-GSG
PO4**1*EA
PO1*0003*14*EA*4.26**VP*272965*SK*272965*UP*008914008617
PID*F****PERENNIAL PREMIUM 1G(2.391L)-GSG
PO4**1*EA
PO1*0004*9*EA*5.41**VP*273593*SK*273593*UP*008914394000
PID*F****PERENNIAL 2G(5.56L)-GSG
PO4**1*EA
PO1*0005*1*EA*6.21**VP*381774*SK*381774*UP*008914008204
PID*F****GROUNDCOVER HALF FLAT 2.56L-GSG
PO4**1*EA
PO1*0006*1*EA*6**VP*464096*SK*464096*UP*008914008587
PID*F****PERENNIAL PLANT LVRS 2.53QT(2.3L)-GS
PO4**1*EA
CTT*6*85
AMT*TT*427.71
SE*31*000011088
ST*850*000011089
BEG*00*CN*18053941**20050621*0918053941
CUR*BY*USD
DTM*038*20050623
N1*OB**92*0918
N3*401 SOUTH MAIN STREET
N4*MILLTOWN*NJ*08850
REF*DP*028
REF*3J*0003
REF*MR*0000071689
PO1*0001*51*EA*1.78**VP*270489*SK*270489*UP*008914500005
PID*F****PERENNIAL 1QT(.946L)-GSG
PO4**1*EA
PO1*0002*52*EA*3.74**VP*272942*SK*272942*UP*008914008600
PID*F****PERENNIAL 1G(2.391L)-GSG
PO4**1*EA
PO1*0003*20*EA*4.26**VP*272965*SK*272965*UP*008914008617
PID*F****PERENNIAL PREMIUM 1G(2.391L)-GSG
PO4**1*EA
PO1*0004*17*EA*5.41**VP*273593*SK*273593*UP*008914394000
PID*F****PERENNIAL 2G(5.56L)-GSG
PO4**1*EA
PO1*0005*1*EA*6.21**VP*381774*SK*381774*UP*008914008204
PID*F****GROUNDCOVER HALF FLAT 2.56L-GSG
PO4**1*EA
CTT*5*141
AMT*TT*691.09
SE*28*000011089
ST*850*000011090
BEG*00*CN*26046909**20050621*0926046909
CUR*BY*USD
DTM*038*20050623
N1*OB**92*0926
N3*3700 HIGHWAY 35
N4*HAZLET*NJ*07730
REF*DP*028
REF*3J*0003
REF*MR*0000071689
PO1*0001*39*EA*1.78**VP*270489*SK*270489*UP*008914500005
PID*F****PERENNIAL 1QT(.946L)-GSG
PO4**1*EA
PO1*0002*133*EA*3.74**VP*272942*SK*272942*UP*008914008600
PID*F****PERENNIAL 1G(2.391L)-GSG
PO4**1*EA
PO1*0003*18*EA*4.26**VP*272965*SK*272965*UP*008914008617
PID*F****PERENNIAL PREMIUM 1G(2.391L)-GSG
PO4**1*EA
PO1*0004*9*EA*5.41**VP*273593*SK*273593*UP*008914394000
PID*F****PERENNIAL 2G(5.56L)-GSG
PO4**1*EA
CTT*4*199
AMT*TT*967.48
SE*25*000011090
ST*850*000011091
BEG*00*CN*31007979**20050621*0931007979
CUR*BY*USD
DTM*038*20050623
N1*OB**92*0931
N3*1209 ROUTE 22
N4*PHILLIPSBURG*NJ*08865
REF*DP*028
REF*3J*0003
REF*MR*0000071689
PO1*0001*50*EA*1.78**VP*270489*SK*270489*UP*008914500005
PID*F****PERENNIAL 1QT(.946L)-GSG
PO4**1*EA
PO1*0002*31*EA*3.74**VP*272942*SK*272942*UP*008914008600
PID*F****PERENNIAL 1G(2.391L)-GSG
PO4**1*EA
PO1*0003*20*EA*4.26**VP*272965*SK*272965*UP*008914008617
PID*F****PERENNIAL PREMIUM 1G(2.391L)-GSG
PO4**1*EA
PO1*0004*24*EA*5.41**VP*273593*SK*273593*UP*008914393997
PID*F****PERENNIAL 2G(5.56L)-GSG
PO4**1*EA
PO1*0005*2*EA*6.21**VP*381774*SK*381774*UP*008914008204
PID*F****GROUNDCOVER HALF FLAT 2.56L-GSG
PO4**1*EA
PO1*0006*4*EA*1.12**VP*381944*SK*381944*UP*008914002035
PID*F****PERENNIAL 1QT(.946L)MARKDOWN SKU-GSG
PO4**1*EA
PO1*0007*6*EA*6**VP*464096*SK*464096*UP*008914008587
PID*F****PERENNIAL PLANT LVRS 2.53QT(2.3L)-GS
PO4**1*EA
CTT*7*137
AMT*TT*720.37
SE*34*000011091
ST*850*000011092
BEG*00*CN*41022366**20050621*0941022366
CUR*BY*USD
DTM*038*20050623
N1*OB**92*0941
N3*244 HIGHWAY 202
N4*FLEMINGTON*NJ*08822
REF*DP*028
REF*3J*0003
REF*MR*0000071689
PO1*0001*24*EA*1.78**VP*270489*SK*270489*UP*008914500005
PID*F****PERENNIAL 1QT(.946L)-GSG
PO4**1*EA
PO1*0002*38*EA*3.74**VP*272942*SK*272942*UP*008914008600
PID*F****PERENNIAL 1G(2.391L)-GSG
PO4**1*EA
PO1*0003*14*EA*4.26**VP*272965*SK*272965*UP*008914008617
PID*F****PERENNIAL PREMIUM 1G(2.391L)-GSG
PO4**1*EA
PO1*0004*14*EA*5.41**VP*273593*SK*273593*UP*008914394000
PID*F****PERENNIAL 2G(5.56L)-GSG
PO4**1*EA
PO1*0005*6*EA*6.21**VP*381774*SK*381774*UP*008914008204
PID*F****GROUNDCOVER HALF FLAT 2.56L-GSG
PO4**1*EA
PO1*0006*1*EA*6**VP*464096*SK*464096*UP*008914008587
PID*F****PERENNIAL PLANT LVRS 2.53QT(2.3L)-GS
PO4**1*EA
CTT*6*97
AMT*TT*532.89
SE*31*000011092
ST*850*000011093
BEG*00*CN*44051188**20050621*0944051188
CUR*BY*USD
DTM*038*20050623
N1*OB**92*0944
N3*1035 ROUTE 1 SOUTH
N4*EDISON*NJ*08837
REF*DP*028
REF*3J*0003
REF*MR*0000071689
PO1*0001*24*EA*1.78**VP*270489*SK*270489*UP*008914500005
PID*F****PERENNIAL 1QT(.946L)-GSG
PO4**1*EA
PO1*0002*43*EA*3.74**VP*272942*SK*272942*UP*008914008600
PID*F****PERENNIAL 1G(2.391L)-GSG
PO4**1*EA
PO1*0003*29*EA*4.26**VP*272965*SK*272965*UP*008914008617
PID*F****PERENNIAL PREMIUM 1G(2.391L)-GSG
PO4**1*EA
PO1*0004*6*EA*5.41**VP*273593*SK*273593*UP*008914394000
PID*F****PERENNIAL 2G(5.56L)-GSG
PO4**1*EA
CTT*4*102
AMT*TT*512.45
SE*25*000011093
ST*850*000011094
BEG*00*CN*47003465**20050621*0947003465
CUR*BY*USD
DTM*038*20050623
N1*OB**92*0947
N3*400 PROMENADE BLVD
N4*BRIDGEWATER*NJ*08807
REF*DP*028
REF*3J*0003
REF*MR*0000071689
PO1*0001*41*EA*1.78**VP*270489*SK*270489*UP*008914500005
PID*F****PERENNIAL 1QT(.946L)-GSG
PO4**1*EA
PO1*0002*66*EA*3.74**VP*272942*SK*272942*UP*008914008600
PID*F****PERENNIAL 1G(2.391L)-GSG
PO4**1*EA
PO1*0003*43*EA*4.26**VP*272965*SK*272965*UP*008914008617
PID*F****PERENNIAL PREMIUM 1G(2.391L)-GSG
PO4**1*EA
PO1*0004*6*EA*5.41**VP*273593*SK*273593*UP*008914394000
PID*F****PERENNIAL 2G(5.56L)-GSG
PO4**1*EA
PO1*0005*6*EA*6.21**VP*381774*SK*381774*UP*008914008204
PID*F****GROUNDCOVER HALF FLAT 2.56L-GSG
PO4**1*EA
CTT*5*162
AMT*TT*815.25
SE*28*000011094
ST*850*000011095
BEG*00*CN*57076284**20050621*0957076284
CUR*BY*USD
DTM*038*20050623
N1*OB**92*0957
N3*1090 ROUTE 9 SOUTH
N4*OLD BRIDGE*NJ*08857
REF*DP*028
REF*3J*0003
REF*MR*0000071689
PO1*0001*8*EA*1.78**VP*270489*SK*270489*UP*008914500005
PID*F****PERENNIAL 1QT(.946L)-GSG
PO4**1*EA
PO1*0002*24*EA*3.74**VP*272942*SK*272942*UP*008914008600
PID*F****PERENNIAL 1G(2.391L)-GSG
PO4**1*EA
PO1*0003*7*EA*4.26**VP*272965*SK*272965*UP*008914008617
PID*F****PERENNIAL PREMIUM 1G(2.391L)-GSG
PO4**1*EA
PO1*0004*1*EA*6.21**VP*381774*SK*381774*UP*008914008204
PID*F****GROUNDCOVER HALF FLAT 2.56L-GSG
PO4**1*EA
PO1*0005*1*EA*1.87**VP*385530*SK*385530*UP*008914002004
PID*F****PERENNIAL 1G(2.391L) MARKDOWN-GSG
PO4**1*EA
PO1*0006*2*EA*6**VP*464096*SK*464096*UP*008914008587
PID*F****PERENNIAL PLANT LVRS 2.53QT(2.3L)-GS
PO4**1*EA
CTT*6*43
AMT*TT*216.82
SE*31*000011095
ST*850*000011096
BEG*00*CN*62090610**20050621*0962090610
CUR*BY*USD
DTM*038*20050623
N1*OB**92*0962
N3*707 ROUTE 202 SOUTH
N4*BRIDGWATER II*NJ*08807
REF*DP*028
REF*3J*0003
REF*MR*0000071689
PO1*0001*13*EA*1.78**VP*270489*SK*270489*UP*008914500005
PID*F****PERENNIAL 1QT(.946L)-GSG
PO4**1*EA
PO1*0002*24*EA*3.74**VP*272942*SK*272942*UP*008914008600
PID*F****PERENNIAL 1G(2.391L)-GSG
PO4**1*EA
PO1*0003*19*EA*4.26**VP*272965*SK*272965*UP*008914008617
PID*F****PERENNIAL PREMIUM 1G(2.391L)-GSG
PO4**1*EA
PO1*0004*5*EA*5.41**VP*273593*SK*273593*UP*008914394000
PID*F****PERENNIAL 2G(5.56L)-GSG
PO4**1*EA
PO1*0005*5*EA*6.21**VP*381774*SK*381774*UP*008914008204
PID*F****GROUNDCOVER HALF FLAT 2.56L-GSG
PO4**1*EA
CTT*5*66
AMT*TT*361.07
SE*28*000011096
ST*850*000011097
BEG*00*CN*63053830**20050621*0963053830
CUR*BY*USD
DTM*038*20050623
N1*OB**92*0963
N3*465 STATE HIGHWAY 17
N4*MAHWAH*NJ*07498
REF*DP*028
REF*3J*0003
REF*MR*0000071689
PO1*0001*52*EA*1.78**VP*270489*SK*270489*UP*008914500005
PID*F****PERENNIAL 1QT(.946L)-GSG
PO4**1*EA
PO1*0002*62*EA*3.74**VP*272942*SK*272942*UP*008914008600
PID*F****PERENNIAL 1G(2.391L)-GSG
PO4**1*EA
PO1*0003*53*EA*4.26**VP*272965*SK*272965*UP*008914008617
PID*F****PERENNIAL PREMIUM 1G(2.391L)-GSG
PO4**1*EA
PO1*0004*13*EA*5.41**VP*273593*SK*273593*UP*008914394000
PID*F****PERENNIAL 2G(5.56L)-GSG
PO4**1*EA
PO1*0005*10*EA*6.21**VP*381774*SK*381774*UP*008914008204
PID*F****GROUNDCOVER HALF FLAT 2.56L-GSG
PO4**1*EA
PO1*0006*2*EA*6**VP*464096*SK*464096*UP*008914008587
PID*F****PERENNIAL PLANT LVRS 2.53QT(2.3L)-GS
PO4**1*EA
CTT*6*192
AMT*TT*1005.76
SE*31*000011097
ST*850*000011098
BEG*00*CN*65046154**20050621*0965046154
CUR*BY*USD
DTM*038*20050623
N1*OB**92*0965
N3*79 ROUTE 46
N4*MONTVILLE*NJ*07045
REF*DP*028
REF*3J*0003
REF*MR*0000071689
PO1*0001*70*EA*1.78**VP*270489*SK*270489*UP*008914500005
PID*F****PERENNIAL 1QT(.946L)-GSG
PO4**1*EA
PO1*0002*30*EA*3.74**VP*272942*SK*272942*UP*008914008600
PID*F****PERENNIAL 1G(2.391L)-GSG
PO4**1*EA
PO1*0003*16*EA*4.26**VP*272965*SK*272965*UP*008914008617
PID*F****PERENNIAL PREMIUM 1G(2.391L)-GSG
PO4**1*EA
PO1*0004*7*EA*5.41**VP*273593*SK*273593*UP*008914394000
PID*F****PERENNIAL 2G(5.56L)-GSG
PO4**1*EA
PO1*0005*4*EA*6.21**VP*381774*SK*381774*UP*008914008204
PID*F****GROUNDCOVER HALF FLAT 2.56L-GSG
PO4**1*EA
CTT*5*127
AMT*TT*552.36
SE*28*000011098
ST*850*000011099
BEG*00*CN*81017979**20050621*0981017979
CUR*BY*USD
DTM*038*20050623
N1*OB**92*0981
N3*1555 ST GEORGES AV RT 35
N4*COLONIA*NJ*07067
REF*DP*028
REF*3J*0003
REF*MR*0000071689
PO1*0001*19*EA*1.78**VP*270489*SK*270489*UP*008914500005
PID*F****PERENNIAL 1QT(.946L)-GSG
PO4**1*EA
PO1*0002*50*EA*3.74**VP*272942*SK*272942*UP*008914008600
PID*F****PERENNIAL 1G(2.391L)-GSG
PO4**1*EA
PO1*0003*12*EA*4.26**VP*272965*SK*272965*UP*008914008617
PID*F****PERENNIAL PREMIUM 1G(2.391L)-GSG
PO4**1*EA
PO1*0004*3*EA*5.41**VP*273593*SK*273593*UP*008914394000
PID*F****PERENNIAL 2G(5.56L)-GSG
PO4**1*EA
CTT*4*84
AMT*TT*404.47
SE*25*000011099
ST*850*000011100
BEG*00*CN*83011493**20050621*0983011493
CUR*BY*USD
DTM*038*20050623
N1*OB**92*0983
N3*450 HACKENSACK AVE
N4*HACKENSACK*NJ*07601
REF*DP*028
REF*3J*0003
REF*MR*0000071689
PO1*0001*41*EA*1.78**VP*270489*SK*270489*UP*008914500005
PID*F****PERENNIAL 1QT(.946L)-GSG
PO4**1*EA
PO1*0002*48*EA*3.74**VP*272942*SK*272942*UP*008914008600
PID*F****PERENNIAL 1G(2.391L)-GSG
PO4**1*EA
PO1*0003*23*EA*4.26**VP*272965*SK*272965*UP*008914008617
PID*F****PERENNIAL PREMIUM 1G(2.391L)-GSG
PO4**1*EA
PO1*0004*11*EA*5.41**VP*273593*SK*273593*UP*008914394000
PID*F****PERENNIAL 2G(5.56L)-GSG
PO4**1*EA
CTT*4*123
AMT*TT*596.87
SE*25*000011100
ST*850*000011101
BEG*00*CN*73035683**20050621*4173035683
CUR*BY*USD
DTM*038*20050623
N1*OB**92*4173
N3*721 S 25TH STREET
N4*EASTON*PA*18045
REF*DP*028
REF*3J*0003
REF*MR*0000071689
PO1*0001*45*EA*1.78**VP*270489*SK*270489*UP*008914500005
PID*F****PERENNIAL 1QT(.946L)-GSG
PO4**1*EA
PO1*0002*68*EA*3.74**VP*272942*SK*272942*UP*008914008600
PID*F****PERENNIAL 1G(2.391L)-GSG
PO4**1*EA
PO1*0003*13*EA*4.26**VP*272965*SK*272965*UP*008914008617
PID*F****PERENNIAL PREMIUM 1G(2.391L)-GSG
PO4**1*EA
PO1*0004*9*EA*5.41**VP*273593*SK*273593*UP*008914393997
PID*F****PERENNIAL 2G(5.56L)-GSG
PO4**1*EA
PO1*0005*1*EA*6.21**VP*381774*SK*381774*UP*008914008204
PID*F****GROUNDCOVER HALF FLAT 2.56L-GSG
PO4**1*EA
PO1*0006*2*EA*1.12**VP*381944*SK*381944*UP*008914002035
PID*F****PERENNIAL 1QT(.946L)MARKDOWN SKU-GSG
PO4**1*EA
PO1*0007*24*EA*1.87**VP*385530*SK*385530*UP*008914002004
PID*F****PERENNIAL 1G(2.391L) MARKDOWN-GSG
PO4**1*EA
CTT*7*162
AMT*TT*702.75
SE*34*000011101
GE*18*714
IEA*1*000001093
ISA*00*          *00*          *14*0722717110100  *01*056021462      *050621*0407*|*00406*000001094*0*P*>
GS*PO*072271711*056021462*20050621*0407*715*X*004060
ST*850*000011102
BEG*00*CN*22051059**20050621*0922051059
CUR*BY*USD
DTM*038*20050623
N1*OB**92*0922
N3*545 ROUTE 46
N4*TOTOWA*NJ*07512
REF*DP*028
REF*3J*0003
REF*MR*0000071689
PO1*0001*7*EA*1.78**VP*270489*SK*270489*UP*008914500005
PID*F****PERENNIAL 1QT(.946L)-GSG
PO4**1*EA
PO1*0002*64*EA*3.74**VP*272942*SK*272942*UP*008914008600
PID*F****PERENNIAL 1G(2.391L)-GSG
PO4**1*EA
PO1*0003*3*EA*4.26**VP*272965*SK*272965*UP*008914008617
PID*F****PERENNIAL PREMIUM 1G(2.391L)-GSG
PO4**1*EA
PO1*0004*3*EA*6.21**VP*381774*SK*381774*UP*008914008204
PID*F****GROUNDCOVER HALF FLAT 2.56L-GSG
PO4**1*EA
PO1*0005*1*EA*6**VP*464096*SK*464096*UP*008914008587
PID*F****PERENNIAL PLANT LVRS 2.53QT(2.3L)-GS
PO4**1*EA
CTT*5*78
AMT*TT*395.04
SE*28*000011102
GE*1*715
IEA*1*000001094
ISA*00*          *00*          *14*0722717110100  *01*056021462      *050621*0500*|*00406*000001095*0*P*>
GS*PO*072271711*056021462*20050621*0500*716*X*004060
ST*850*000011103
BEG*00*CN*32047954**20050621*0932047954
CUR*BY*USD
DTM*038*20050623
N1*OB**92*0932
N3*99 STATE ROUTE 17 NORTH
N4*LODI*NJ*07644
REF*DP*028
REF*3J*0003
REF*MR*0000071689
PO1*0001*50*EA*1.78**VP*270489*SK*270489*UP*008914500005
PID*F****PERENNIAL 1QT(.946L)-GSG
PO4**1*EA
PO1*0002*86*EA*3.74**VP*272942*SK*272942*UP*008914008600
PID*F****PERENNIAL 1G(2.391L)-GSG
PO4**1*EA
PO1*0003*25*EA*4.26**VP*272965*SK*272965*UP*008914008617
PID*F****PERENNIAL PREMIUM 1G(2.391L)-GSG
PO4**1*EA
PO1*0004*15*EA*5.41**VP*273593*SK*273593*UP*008914394000
PID*F****PERENNIAL 2G(5.56L)-GSG
PO4**1*EA
PO1*0005*12*EA*6.21**VP*381774*SK*381774*UP*008914008204
PID*F****GROUNDCOVER HALF FLAT 2.56L-GSG
PO4**1*EA
CTT*5*188
AMT*TT*968.36
SE*28*000011103
GE*1*716
IEA*1*000001095
*** SUPERTRACS READY FOR INPUT
