ISA*00*          *00*          *14*0722717110100  *12*8607632335     *050225*0955*|*00406*000000002*0*P*>
GS*PO*072271711*8607632335*20050225*0955*1*X*004060
ST*850*000000001
BEG*00*NE*20050225**20050225*2608081944
CUR*BY*USD
DTM*038*20050225
N1*OB**92*2608
N3*465 CENTRE STREET
N4*QUINCY*MA*02169
REF*DP*028
REF*3J*0003
REF*MR*0000345201
PO1*0001*288*EA*.95**VP*439918*SK*439918*UP*738604130204
PID*F****PRIMULA PRIMROSE 4IN
PO4**1*EA
CTT*1*288
AMT*TT*360
SE*16*000000001
GE*1*1
IEA*1*000000002
ISA*00*          *00*          *14*072271711USAP  *12*8607632335     *050225*1021*^*00406*000000006*0*P*>
GS*RA*072271711USAP*8607632335*20050225*101943*5*X*004060
ST*820*0005
BPR*I*904.07*C*CHK*PBC
TRN*1*2000111992
CUR*BY*USD
REF*ZZ*0000688839
DTM*020*20050216
N1*PE*GROWER DIRECT FARMS INC
REF*VR*345201
N1*PR*HOME DEPOT U.S.A., INC.
ENT*1
RMR*IV*47056**904.07*913.2*9.13*PT*0
REF*PO*0084940851
DTM*999*20041218
SE*14*0005
GE*1*5
IEA*1*000000006
