ISA*00*          *00*          *14*0722717110100  *01*148468275      *091119*1903*|*00406*000011214*0*P*>
GS*CD*072271711*148468275*20091119*1903*832*X*004060
ST*812*000032027
BCD*20091118*006383362*O*564*D**0000000000******ST*638
N9*VR*000187714
N9*RZ*CONSIGNMENT MERCH
N9*DP*28
N9*L1*25
N9*ZZ*14
N9*MB*0000000000
FOB*CC
SHD*0*0*CT
N1*BT*COLORAMA WHOLESALE NURSE
N3*1025 NORTH TODD AVENUE
N4*AZUSA*CA*91702
N1*SN*PALMDALE
N3*340 WEST AVENUE P
N4*PALMDALE*CA*93551
CDD*RM*D*****2*EA**UCP*1.04*ICL*2.08*CHRYSANTHEMUM 4.5IN GARDEN MUM
LIN**SK*260878*VP*260878
CDD*RM*D*****2*EA**UCP*1.78*ICL*3.56*ANNUAL BEDDING JUMBO 6PK (1.1QT/1L)
LIN**SK*533223*VP*533223
SE*21*000032027
ST*812*000032028
BCD*20091118*006455546*O*690*D**0000000000******ST*645
N9*VR*000187714
N9*RZ*CONSIGNMENT MERCH
N9*DP*28
N9*L1*25
N9*ZZ*14
N9*MB*0000000000
FOB*CC
SHD*0*0*CT
N1*BT*COLORAMA WHOLESALE NURSE
N3*1025 NORTH TODD AVENUE
N4*AZUSA*CA*91702
N1*SN*RANCHO CUCAMONGA
N3*11884 FOOTHILL BLVD
N4*RANCHO CUCAMONGA*CA*91730
CDD*RM*D*****1*EA**UCP*1.78*ICL*1.78*ANNUAL BEDDING JUMBO 6PK (1.1QT/1L)
LIN**SK*533223*VP*533223
CDD*RM*D*****2*EA**UCP*2.56*ICL*5.12*ROSE MINI 1 QT(25.36FLOZ/750ML)
LIN**SK*614474*VP*614474
SE*21*000032028
ST*812*000032029
BCD*20091118*006534729*O*1982*D**0000000000******ST*653
N9*VR*000187714
N9*RZ*CONSIGNMENT MERCH
N9*DP*28
N9*L1*25
N9*ZZ*14
N9*MB*0000000000
FOB*CC
SHD*0*0*CT
N1*BT*COLORAMA WHOLESALE NURSE
N3*1025 NORTH TODD AVENUE
N4*AZUSA*CA*91702
N1*SN*SANTA CLARITA
N3*20642 GOLDEN TRIANGLE RD
N4*SANTA CLARITA*CA*91350
CDD*RM*D*****4*EA**UCP*2.58*ICL*10.32*CYCLAMEN OUTDOOR 4IN
LIN**SK*260429*VP*260429
CDD*RM*D*****4*EA**UCP*1.04*ICL*4.16*CHRYSANTHEMUM 4.5IN GARDEN MUM
LIN**SK*260878*VP*260878
CDD*RM*D*****3*EA**UCP*1.78*ICL*5.34*ANNUAL BEDDING JUMBO 6PK (1.1QT/1L)
LIN**SK*533223*VP*533223
SE*23*000032029
ST*812*000032030
BCD*20091118*006658136*O*765*D**0000000000******ST*665
N9*VR*000187714
N9*RZ*CONSIGNMENT MERCH
N9*DP*28
N9*L1*25
N9*ZZ*14
N9*MB*0000000000
FOB*CC
SHD*0*0*CT
N1*BT*COLORAMA WHOLESALE NURSE
N3*1025 NORTH TODD AVENUE
N4*AZUSA*CA*91702
N1*SN*VICTORVILLE
N3*15150 BEAR VALLEY RD
N4*VICTORVILLE*CA*92392
CDD*RM*D*****1*EA**UCP*7.65*ICL*7.65*ANNUAL HALF FLATS ASST(1.1G/4L)
LIN**SK*614519*VP*614519
SE*19*000032030
ST*812*000032031
BCD*20091118*006677729*O*8263*D**0000000000******ST*667
N9*VR*000187714
N9*RZ*CONSIGNMENT MERCH
N9*DP*28
N9*L1*25
N9*ZZ*14
N9*MB*0000000000
FOB*CC
SHD*0*0*CT
N1*BT*COLORAMA WHOLESALE NURSE
N3*1025 NORTH TODD AVENUE
N4*AZUSA*CA*91702
N1*SN*RANCHO MIRAGE
N3*34249 MONTEREY AVE
N4*RANCHO MIRAGE*CA*92270
CDD*RM*D*****2*EA**UCP*2.58*ICL*5.16*CYCLAMEN OUTDOOR 4IN
LIN**SK*260429*VP*260429
CDD*RM*D*****2*EA**UCP*2.2*ICL*4.4*CHRYSANTHEMUM 1G (0.634G (2.4L)
LIN**SK*322057*VP*322057
CDD*RM*D*****4*EA**UCP*1.78*ICL*7.12*ANNUAL BEDDING JUMBO 6PK (1.1QT/1L)
LIN**SK*533223*VP*533223
CDD*RM*D*****1*EA**UCP*1.25*ICL*1.25*HERB 4 IN. (15 FL.OZ./42ML)
LIN**SK*533411*VP*REF 453129
CDD*RM*D*****2*EA**UCP*9.4*ICL*18.8*ANNUAL 14IN COLOR BOWL(2.08G/7.87L)
LIN**SK*611441*VP*611441
CDD*RM*D*****6*EA**UCP*7.65*ICL*45.9*ANNUAL HALF FLATS ASST(1.1G/4L)
LIN**SK*614519*VP*614519
SE*29*000032031
ST*812*000032032
BCD*20091118*006795296*O*356*D**0000000000******ST*679
N9*VR*000187714
N9*RZ*CONSIGNMENT MERCH
N9*DP*28
N9*L1*25
N9*ZZ*14
N9*MB*0000000000
FOB*CC
SHD*0*0*CT
N1*BT*COLORAMA WHOLESALE NURSE
N3*1025 NORTH TODD AVENUE
N4*AZUSA*CA*91702
N1*SN*OCEANSIDE
N3*3838 W VISTA WAY
N4*OCEANSIDE*CA*92056
CDD*RM*D*****2*EA**UCP*1.78*ICL*3.56*ANNUAL BEDDING JUMBO 6PK (1.1QT/1L)
LIN**SK*533223*VP*533223
SE*19*000032032
ST*812*000032033
BCD*20091118*006834165*O*7650*D**0000000000******ST*683
N9*VR*000187714
N9*RZ*CONSIGNMENT MERCH
N9*DP*28
N9*L1*25
N9*ZZ*14
N9*MB*0000000000
FOB*CC
SHD*0*0*CT
N1*BT*COLORAMA WHOLESALE NURSE
N3*1025 NORTH TODD AVENUE
N4*AZUSA*CA*91702
N1*SN*SAN BERNARDINO
N3*1055 W 21ST STREET
N4*SAN BERNARDINO*CA*92405
CDD*RM*D*****10*EA**UCP*7.65*ICL*76.5*ANNUAL HALF FLATS ASST(1.1G/4L)
LIN**SK*614519*VP*614519
SE*19*000032033
ST*812*000032034
BCD*20091118*006876916*O*829*D**0000000000******ST*687
N9*VR*000187714
N9*RZ*CONSIGNMENT MERCH
N9*DP*28
N9*L1*25
N9*ZZ*14
N9*MB*0000000000
FOB*CC
SHD*0*0*CT
N1*BT*COLORAMA WHOLESALE NURSE
N3*1025 NORTH TODD AVENUE
N4*AZUSA*CA*91702
N1*SN*UPLAND
N3*250 S MOUNTAIN
N4*UPLAND*CA*91786
CDD*RM*D*****1*EA**UCP*1.78*ICL*1.78*ANNUAL BEDDING JUMBO 6PK (1.1QT/1L)
LIN**SK*533223*VP*533223
CDD*RM*D*****3*EA**UCP*2.17*ICL*6.51*VINCA 1G (.0634G/2.4L)
LIN**SK*607012*VP*607012
SE*21*000032034
ST*812*000032035
BCD*20091118*010025451*O*434*D**0000000000******ST*1002
N9*VR*000187714
N9*RZ*CONSIGNMENT MERCH
N9*DP*28
N9*L1*25
N9*ZZ*14
N9*MB*0000000000
FOB*CC
SHD*0*0*CT
N1*BT*COLORAMA WHOLESALE NURSE
N3*1025 NORTH TODD AVENUE
N4*AZUSA*CA*91702
N1*SN*HUNTINGTON PARK
N3*3040 SLAUSON AVENUE
N4*HUNTINGTON PARK*CA*90255
CDD*RM*D*****2*EA**UCP*2.17*ICL*4.34*PAPAVER ICELAND POPPY 1G(.0634G/2.4L
LIN**SK*606928*VP*606928
SE*19*000032035
ST*812*000032036
BCD*20091118*010134889*O*1859*D**0000000000******ST*1013
N9*VR*000187714
N9*RZ*CONSIGNMENT MERCH
N9*DP*28
N9*L1*25
N9*ZZ*14
N9*MB*0000000000
FOB*CC
SHD*0*0*CT
N1*BT*COLORAMA WHOLESALE NURSE
N3*1025 NORTH TODD AVENUE
N4*AZUSA*CA*91702
N1*SN*REDLANDS
N3*1151 W LUGONIA AVE
N4*REDLANDS*CA*92374
CDD*RM*D*****1*EA**UCP*1.04*ICL*1.04*CHRYSANTHEMUM 4.5IN GARDEN MUM
LIN**SK*260878*VP*260878
CDD*RM*D*****2*EA**UCP*2.2*ICL*4.4*CHRYSANTHEMUM 1G (0.634G (2.4L)
LIN**SK*322057*VP*322057
CDD*RM*D*****2*EA**UCP*2.75*ICL*5.5*LAVANDULA LAVENDER 1G(.0634G/2.4L)
LIN**SK*594300*VP*594300
CDD*RM*D*****1*EA**UCP*7.65*ICL*7.65*ANNUAL HALF FLATS ASST(1.1G/4L)
LIN**SK*614519*VP*614519
SE*25*000032036
ST*812*000032037
BCD*20091118*010287931*O*1697*D**0000000000******ST*1028
N9*VR*000187714
N9*RZ*CONSIGNMENT MERCH
N9*DP*28
N9*L1*25
N9*ZZ*14
N9*MB*0000000000
FOB*CC
SHD*0*0*CT
N1*BT*COLORAMA WHOLESALE NURSE
N3*1025 NORTH TODD AVENUE
N4*AZUSA*CA*91702
N1*SN*TEMECULA
N3*32020 TEMECULA PARKWAY
N4*TEMECULA*CA*92592
CDD*RM*D*****3*EA**UCP*1.78*ICL*5.34*ANNUAL BEDDING JUMBO 6PK (1.1QT/1L)
LIN**SK*533223*VP*533223
CDD*RM*D*****3*EA**UCP*2.17*ICL*6.51*SNAPDRAGON 1G (.0634G/2.4L)
LIN**SK*607895*VP*607895
CDD*RM*D*****2*EA**UCP*2.56*ICL*5.12*ROSE MINI 1 QT(25.36FLOZ/750ML)
LIN**SK*614474*VP*614474
SE*23*000032037
ST*812*000032038
BCD*20091118*010401932*O*2752*D**0000000000******ST*1040
N9*VR*000187714
N9*RZ*CONSIGNMENT MERCH
N9*DP*28
N9*L1*25
N9*ZZ*14
N9*MB*0000000000
FOB*CC
SHD*0*0*CT
N1*BT*COLORAMA WHOLESALE NURSE
N3*1025 NORTH TODD AVENUE
N4*AZUSA*CA*91702
N1*SN*OXNARD-RELO
N3*401 W ESPLANADE DRIVE
N4*OXNARD*CA*93036
CDD*RM*D*****4*EA**UCP*1.78*ICL*7.12*ANNUAL BEDDING JUMBO 6PK (1.1QT/1L)
LIN**SK*533223*VP*533223
CDD*RM*D*****8*EA**UCP*2.55*ICL*20.4*IMPATIEN NEW GUINEA 1G(.0634G/2.4L)
LIN**SK*597076*VP*597076
SE*21*000032038
ST*812*000032039
BCD*20091118*010557423*O*87*D**0000000000******ST*1055
N9*VR*000187714
N9*RZ*CONSIGNMENT MERCH
N9*DP*28
N9*L1*25
N9*ZZ*14
N9*MB*0000000000
FOB*CC
SHD*0*0*CT
N1*BT*COLORAMA WHOLESALE NURSE
N3*1025 NORTH TODD AVENUE
N4*AZUSA*CA*91702
N1*SN*NEWHALL
N3*28033 NEWHALL RANCH RD
N4*SANTA CLARITA*CA*91355
CDD*RM*D*****1*EA**UCP*.87*ICL*.87*VEGETABLE 4 IN.(1.52PT/720ML)
LIN**SK*533339*VP*REF 711-934
SE*19*000032039
ST*812*000032040
BCD*20091118*010838817*O*10180*D**0000000000******ST*1083
N9*VR*000187714
N9*RZ*CONSIGNMENT MERCH
N9*DP*28
N9*L1*25
N9*ZZ*14
N9*MB*0000000000
FOB*CC
SHD*0*0*CT
N1*BT*COLORAMA WHOLESALE NURSE
N3*1025 NORTH TODD AVENUE
N4*AZUSA*CA*91702
N1*SN*NORTH UPLAND
N3*1401 E 19TH ST
N4*UPLAND*CA*91784
CDD*RM*D*****40*EA**UCP*1.78*ICL*71.2*ANNUAL BEDDING JUMBO 6PK (1.1QT/1L)
LIN**SK*533223*VP*533223
CDD*RM*D*****4*EA**UCP*7.65*ICL*30.6*ANNUAL HALF FLATS ASST(1.1G/4L)
LIN**SK*614519*VP*614519
SE*21*000032040
ST*812*000032041
BCD*20091118*018440809*O*490*D**0000000000******ST*1844
N9*VR*000187714
N9*RZ*CONSIGNMENT MERCH
N9*DP*28
N9*L1*25
N9*ZZ*14
N9*MB*0000000000
FOB*CC
SHD*0*0*CT
N1*BT*COLORAMA WHOLESALE NURSE
N3*1025 NORTH TODD AVENUE
N4*AZUSA*CA*91702
N1*SN*NW VICTORVILLE
N3*15655 ROY ROGER DRIVE
N4*VICTORVILLE*CA*92394
CDD*RM*D*****2*EA**UCP*2.45*ICL*4.9*SUCCULENT QT (25.36FLOZ/750ML)
LIN**SK*612568*VP*612568
SE*19*000032041
ST*812*000032042
BCD*20091118*066143033*O*660*D**0000000000******ST*6614
N9*VR*000187714
N9*RZ*CONSIGNMENT MERCH
N9*DP*28
N9*L1*25
N9*ZZ*14
N9*MB*0000000000
FOB*CC
SHD*0*0*CT
N1*BT*COLORAMA WHOLESALE NURSE
N3*1025 NORTH TODD AVENUE
N4*AZUSA*CA*91702
N1*SN*LAKEWOOD, CA
N3*5000 HARDWICK STREET
N4*LAKEWOOD*CA*90712
CDD*RM*D*****3*EA**UCP*2.2*ICL*6.6*CHRYSANTHEMUM 1G (0.634G (2.4L)
LIN**SK*322057*VP*322057
SE*19*000032042
ST*812*000032043
BCD*20091118*066234057*O*356*D**0000000000******ST*6623
N9*VR*000187714
N9*RZ*CONSIGNMENT MERCH
N9*DP*28
N9*L1*25
N9*ZZ*14
N9*MB*0000000000
FOB*CC
SHD*0*0*CT
N1*BT*COLORAMA WHOLESALE NURSE
N3*1025 NORTH TODD AVENUE
N4*AZUSA*CA*91702
N1*SN*GOLETA
N3*6975 MARKETPLACE DR
N4*GOLETA*CA*93117
CDD*RM*D*****2*EA**UCP*1.78*ICL*3.56*ANNUAL BEDDING JUMBO 6PK (1.1QT/1L)
LIN**SK*533223*VP*533223
SE*19*000032043
ST*812*000032044
BCD*20091118*066298285*O*11242*D**0000000000******ST*6629
N9*VR*000187714
N9*RZ*CONSIGNMENT MERCH
N9*DP*28
N9*L1*25
N9*ZZ*14
N9*MB*0000000000
FOB*CC
SHD*0*0*CT
N1*BT*COLORAMA WHOLESALE NURSE
N3*1025 NORTH TODD AVENUE
N4*AZUSA*CA*91702
N1*SN*MONROVIA
N3*1625 S MOUNTAIN AVE
N4*MONROVIA*CA*91016
CDD*RM*D*****42*EA**UCP*2.58*ICL*108.36*CYCLAMEN OUTDOOR 4IN
LIN**SK*260429*VP*260429
CDD*RM*D*****1*EA**UCP*1.89*ICL*1.89*VEGETABLE JUMBO 6PLT/PK(1.1QT/1L)
LIN**SK*582185*VP*JP VEGGIE
CDD*RM*D*****1*EA**UCP*2.17*ICL*2.17*ANNUAL STOCK 1G (.0634G/2.4L)
LIN**SK*607156*VP*607156
SE*23*000032044
ST*812*000032045
BCD*20091118*066301488*O*1332*D**0000000000******ST*6630
N9*VR*000187714
N9*RZ*CONSIGNMENT MERCH
N9*DP*28
N9*L1*25
N9*ZZ*14
N9*MB*0000000000
FOB*CC
SHD*0*0*CT
N1*BT*COLORAMA WHOLESALE NURSE
N3*1025 NORTH TODD AVENUE
N4*AZUSA*CA*91702
N1*SN*LA QUINTA
N3*79900 HIGHWAY 111
N4*LA QUINTA*CA*92253
CDD*RM*D*****2*EA**UCP*2.58*ICL*5.16*CYCLAMEN OUTDOOR 4IN
LIN**SK*260429*VP*260429
CDD*RM*D*****1*EA**UCP*1.04*ICL*1.04*CHRYSANTHEMUM 4.5IN GARDEN MUM
LIN**SK*260878*VP*260878
CDD*RM*D*****4*EA**UCP*1.78*ICL*7.12*ANNUAL BEDDING JUMBO 6PK (1.1QT/1L)
LIN**SK*533223*VP*533223
SE*23*000032045
ST*812*000032046
BCD*20091118*066375022*O*4007*D**0000000000******ST*6637
N9*VR*000187714
N9*RZ*CONSIGNMENT MERCH
N9*DP*28
N9*L1*25
N9*ZZ*14
N9*MB*0000000000
FOB*CC
SHD*0*0*CT
N1*BT*COLORAMA WHOLESALE NURSE
N3*1025 NORTH TODD AVENUE
N4*AZUSA*CA*91702
N1*SN*HEMET
N3*3400 W FLORIDA
N4*HEMET*CA*92545
CDD*RM*D*****2*EA**UCP*2.5*ICL*5*VIGORO SELECT GALLON ANNUAL
LIN**SK*456254*VP*456254
CDD*RM*D*****7*EA**UCP*1.78*ICL*12.46*ANNUAL BEDDING JUMBO 6PK (1.1QT/1L)
LIN**SK*533223*VP*533223
CDD*RM*D*****3*EA**UCP*2.55*ICL*7.65*SALVIA LEUCANTHA 1G
LIN**SK*551898*VP*551898
CDD*RM*D*****4*EA**UCP*3.1*ICL*12.4*GERBERA DAISY 1G(.0634G/2.4L)
LIN**SK*610961*VP*610961
CDD*RM*D*****1*EA**UCP*2.56*ICL*2.56*ROSE MINI 1 QT(25.36FLOZ/750ML)
LIN**SK*614474*VP*614474
SE*27*000032046
ST*812*000032047
BCD*20091118*066382305*O*178*D**0000000000******ST*6638
N9*VR*000187714
N9*RZ*CONSIGNMENT MERCH
N9*DP*28
N9*L1*25
N9*ZZ*14
N9*MB*0000000000
FOB*CC
SHD*0*0*CT
N1*BT*COLORAMA WHOLESALE NURSE
N3*1025 NORTH TODD AVENUE
N4*AZUSA*CA*91702
N1*SN*SANTA MARIA
N3*2120 S BRADLEY RD
N4*SANTA MARIA*CA*93454
CDD*RM*D*****1*EA**UCP*1.78*ICL*1.78*ANNUAL BEDDING JUMBO 6PK (1.1QT/1L)
LIN**SK*533223*VP*533223
SE*19*000032047
ST*812*000032048
BCD*20091118*066436534*O*1246*D**0000000000******ST*6643
N9*VR*000187714
N9*RZ*CONSIGNMENT MERCH
N9*DP*28
N9*L1*25
N9*ZZ*14
N9*MB*0000000000
FOB*CC
SHD*0*0*CT
N1*BT*COLORAMA WHOLESALE NURSE
N3*1025 NORTH TODD AVENUE
N4*AZUSA*CA*91702
N1*SN*ANAHEIM HILLS
N3*1095 N PULLMAN STREET
N4*ANAHEIM*CA*92807
CDD*RM*D*****7*EA**UCP*1.78*ICL*12.46*ANNUAL BEDDING JUMBO 6PK (1.1QT/1L)
LIN**SK*533223*VP*533223
SE*19*000032048
ST*812*000032049
BCD*20091118*066450426*O*765*D**0000000000******ST*6645
N9*VR*000187714
N9*RZ*CONSIGNMENT MERCH
N9*DP*28
N9*L1*25
N9*ZZ*14
N9*MB*0000000000
FOB*CC
SHD*0*0*CT
N1*BT*COLORAMA WHOLESALE NURSE
N3*1025 NORTH TODD AVENUE
N4*AZUSA*CA*91702
N1*SN*POMONA
N3*2707 S TOWNE AVE
N4*POMONA*CA*91766
CDD*RM*D*****1*EA**UCP*7.65*ICL*7.65*ANNUAL HALF FLATS ASST(1.1G/4L)
LIN**SK*614519*VP*614519
SE*19*000032049
ST*812*000032050
BCD*20091118*066624908*O*6860*D**0000000000******ST*6662
N9*VR*000187714
N9*RZ*CONSIGNMENT MERCH
N9*DP*28
N9*L1*25
N9*ZZ*14
N9*MB*0000000000
FOB*CC
SHD*0*0*CT
N1*BT*COLORAMA WHOLESALE NURSE
N3*1025 NORTH TODD AVENUE
N4*AZUSA*CA*91702
N1*SN*THOUSAND OAKS (RELO)
N3*2745 TELLER RD
N4*THOUSAND OAKS*CA*91320
CDD*RM*D*****28*EA**UCP*2.45*ICL*68.6*SUCCULENT QT (25.36FLOZ/750ML)
LIN**SK*612568*VP*612568
SE*19*000032050
ST*812*000032051
BCD*20091118*069602759*O*356*D**0000000000******ST*6960
N9*VR*000187714
N9*RZ*CONSIGNMENT MERCH
N9*DP*28
N9*L1*25
N9*ZZ*14
N9*MB*0000000000
FOB*CC
SHD*0*0*CT
N1*BT*COLORAMA WHOLESALE NURSE
N3*1025 NORTH TODD AVENUE
N4*AZUSA*CA*91702
N1*SN*NORTH FONTANA
N3*16005 SIERRA LAKES PKWY
N4*FONTANA*CA*92336
CDD*RM*D*****2*EA**UCP*1.78*ICL*3.56*ANNUAL BEDDING JUMBO 6PK (1.1QT/1L)
LIN**SK*533223*VP*533223
SE*19*000032051
ST*812*000032052
BCD*20091118*069728824*O*768*D**0000000000******ST*6972
N9*VR*000187714
N9*RZ*CONSIGNMENT MERCH
N9*DP*28
N9*L1*25
N9*ZZ*14
N9*MB*0000000000
FOB*CC
SHD*0*0*CT
N1*BT*COLORAMA WHOLESALE NURSE
N3*1025 NORTH TODD AVENUE
N4*AZUSA*CA*91702
N1*SN*BARSTOW
N3*1100 L AVENUE
N4*BARSTOW*CA*92311
CDD*RM*D*****3*EA**UCP*2.56*ICL*7.68*ROSE MINI 1 QT(25.36FLOZ/750ML)
LIN**SK*614474*VP*614474
SE*19*000032052
ST*812*000032053
BCD*20091118*085268857*O*1634*D**0000000000******ST*8526
N9*VR*000187714
N9*RZ*CONSIGNMENT MERCH
N9*DP*28
N9*L1*25
N9*ZZ*14
N9*MB*0000000000
FOB*CC
SHD*0*0*CT
N1*BT*COLORAMA WHOLESALE NURSE
N3*1025 NORTH TODD AVENUE
N4*AZUSA*CA*91702
N1*SN*PALM SPRINGS
N3*5200 E RAMON RD, BLDG A
N4*PALM SPRINGS*CA*92264
CDD*RM*D*****3*EA**UCP*1.78*ICL*5.34*ANNUAL BEDDING JUMBO 6PK (1.1QT/1L)
LIN**SK*533223*VP*533223
CDD*RM*D*****1*EA**UCP*2.55*ICL*2.55*SALVIA LEUCANTHA 1G
LIN**SK*551898*VP*551898
CDD*RM*D*****1*EA**UCP*1.9*ICL*1.9*PERENNIAL 1QT (25.36FLOZ/750ML)
LIN**SK*611248*VP*611248
CDD*RM*D*****1*EA**UCP*6.55*ICL*6.55*TOMATO 3G W/CAGE (0.634G/2.4L)
LIN**SK*616550*VP*616550
SE*25*000032053
ST*812*000032054
BCD*20091118*089888584*O*747*D**0000000000******ST*8988
N9*VR*000187714
N9*RZ*CONSIGNMENT MERCH
N9*DP*28
N9*L1*25
N9*ZZ*14
N9*MB*0000000000
FOB*CC
SHD*0*0*CT
N1*BT*COLORAMA WHOLESALE NURSE
N3*1025 NORTH TODD AVENUE
N4*AZUSA*CA*91702
N1*SN*LAKE ELSINORE
N3*18282 COLLIER AVENUE
N4*LAKE ELSINORE*CA*92530
CDD*RM*D*****3*EA**UCP*2.49*ICL*7.47*PERENNIAL WINNER GRANDE
LIN**SK*613218*VP*613218
SE*19*000032054
GE*28*832
IEA*1*000011214
ISA*00*          *00*          *14*0722717110100  *01*148468275      *091120*0328*|*00406*000011215*0*P*>
GS*PO*072271711*148468275*20091120*0328*9630*X*004060
ST*850*000080670
BEG*00*CN*18012187**20091120*0618012187
CUR*BY*USD
DTM*038*20091121
N1*OB**92*0618
N3*24451 CRENSHAW BLVD
N4*TORRANCE*CA*90505
REF*DP*028
REF*3J*0005
REF*MR*0000073179
REF*AGL*DTS STORE
PO1*0003*2*EA*1.89**VP*JP VEGGIE*SK*582185*UP*732336280008
PID*F****VEGETABLE JUMBO 6PLT/PK(1.1QT/1L)
PO4**1*EA
PO1*0002*23*EA*1.25**VP*REF 453129*SK*533411*UP*732336320001
PID*F****HERB 4 IN. (15 FL.OZ./42ML)
PO4**1*EA
PO1*0001*2*EA*2.2**VP*418927*SK*418927*UP*732336338006
PID*F****HERB RICE POT QT
PO4**16*EA
PO1*0004*2*EA*2.17**VP*605999*SK*605999*UP*732336267542
PID*F****STRAWBERRY 1G (.0634G/2.4L)
PO4**1*EA
PO1*0005*11*EA*2.45**VP*612568*SK*612568*UP*732336093004
PID*F****SUCCULENT QT (25.36FLOZ/750ML)
PO4**1*EA
PO1*0006*13*EA*2.56**VP*614474*SK*614474*UP*732336096500
PID*F****ROSE MINI 1 QT(25.36FLOZ/750ML)
PO4**16*EA
CTT*6*53
AMT*TT*156.82
SE*32*000080670
GE*1*9630
IEA*1*000011215
ISA*00*          *00*          *14*0722717110100  *01*148468275      *091120*0342*|*00406*000011216*0*P*>
GS*PO*072271711*148468275*20091120*0342*9631*X*004060
ST*850*000080671
BEG*00*CN*07095929**20091120*0607095929
CUR*BY*USD
DTM*038*20091121
N1*OB**92*0607
N3*18131 GALE AVE
N4*INDUSTRY*CA*91748
REF*DP*028
REF*3J*0005
REF*MR*0000073179
REF*AGL*DTS STORE
PO1*0001*2*EA*1.25**VP*REF 453129*SK*533411*UP*732336320001
PID*F****HERB 4 IN. (15 FL.OZ./42ML)
PO4**1*EA
PO1*0002*4*EA*2.45**VP*612568*SK*612568*UP*732336093004
PID*F****SUCCULENT QT (25.36FLOZ/750ML)
PO4**1*EA
CTT*2*6
AMT*TT*19.04
SE*20*000080671
ST*850*000080672
BEG*00*CN*67012861**20091120*0667012861
CUR*BY*USD
DTM*038*20091121
N1*OB**92*0667
N3*34249 MONTEREY AVE
N4*RANCHO MIRAGE*CA*92270
REF*DP*028
REF*3J*0005
REF*MR*0000073179
REF*AGL*DTS STORE
PO1*0012*5*EA*1.89**VP*JP VEGGIE*SK*582185*UP*732336280008
PID*F****VEGETABLE JUMBO 6PLT/PK(1.1QT/1L)
PO4**1*EA
PO1*0009*38*EA*1.25**VP*REF 453129*SK*533411*UP*732336320001
PID*F****HERB 4 IN. (15 FL.OZ./42ML)
PO4**1*EA
PO1*0001*136*EA*2.58**VP*260429*SK*260429*UP*732336450500
PID*F****CYCLAMEN OUTDOOR 4IN
PO4**16*EA
PO1*0002*2*EA*2.2**VP*322057*SK*322057*UP*732336350640
PID*F****CHRYSANTHEMUM 1G (0.634G (2.4L)
PO4**1*EA
PO1*0003*29*EA*5.1**VP*322254*SK*322254*UP*732336490506
PID*F****CYCLAMEN 6IN 1.4 QT (1.32L)
PO4**1*EA
PO1*0004*4*EA*2.2**VP*418927*SK*418927*UP*732336338006
PID*F****HERB RICE POT QT
PO4**16*EA
PO1*0005*15*EA*2.25**VP*438771*SK*438771*UP*732336370464
PID*F****LANTANA 1G
PO4**1*EA
PO1*0006*1*EA*2.1**VP*453945*SK*453945*UP*048834511170
PID*F****VIGORO SELECT CA QT ANNUAL
PO4**1*EA
PO1*0007*12*EA*2.49**VP*508463*SK*508463*UP*732336441003
PID*F****PW ECOVATIONS GRANDE
PO4**1*EA
PO1*0008*372*EA*1.78**VP*533223*SK*533223*UP*732336100009
PID*F****ANNUAL BEDDING JUMBO 6PK (1.1QT/1L)
PO4**8*EA
PO1*0010*2*EA*1.89**VP*535501*SK*535501*UP*732336287540
PID*F****STRAWBERRY JUMBO PK (1.1QT/1L)
PO4**1*EA
PO1*0011*1*EA*2.55**VP*551898*SK*551898*UP*732336373281
PID*F****SALVIA LEUCANTHA 1G
PO4**1*EA
PO1*0013*19*EA*2.55**VP*601412*SK*601412*UP*732336370389
PID*F****EURYOPS 1G (.0634G/2.4L)
PO4**1*EA
PO1*0014*14*EA*2.17**VP*606928*SK*606928*UP*732336352026
PID*F****PAPAVER ICELAND POPPY 1G(.0634G/2.4L
PO4**1*EA
PO1*0015*19*EA*2.17**VP*607156*SK*607156*UP*732336352859
PID*F****ANNUAL STOCK 1G (.0634G/2.4L)
PO4**1*EA
PO1*0016*11*EA*2.17**VP*607895*SK*607895*UP*732336352651
PID*F****SNAPDRAGON 1G (.0634G/2.4L)
PO4**1*EA
PO1*0017*6*EA*2.17**VP*608315*SK*608315*UP*732336351043
PID*F****KALE 1G (.0635G/2.4L)
PO4**1*EA
PO1*0018*4*EA*2.17**VP*608596*SK*608596*UP*732336350909
PID*F****IMPATIEN 1G (.06354G/2.4L)
PO4**1*EA
PO1*0019*1*EA*2.17**VP*608750*SK*608750*UP*732336350404
PID*F****BEGONIA 1G (.0634G/2.4L)
PO4**1*EA
PO1*0020*1*EA*3.1**VP*610961*SK*610961*UP*732336376008
PID*F****GERBERA DAISY 1G(.0634G/2.4L)
PO4**1*EA
PO1*0021*4*EA*2.7**VP*611017*SK*611017*UP*732336372000
PID*F****GERANIUM ZONAL 1G(.0634G/2.4L)
PO4**1*EA
PO1*0022*2*EA*2.25**VP*611024*SK*611024*UP*732336080004
PID*F****GRASS 1QT ASST(25.36FLOZ/750ML)
PO4**1*EA
PO1*0023*10*EA*9.4**VP*611441*SK*611441*UP*732336602503
PID*F****ANNUAL 14IN COLOR BOWL(2.08G/7.87L)
PO4**1*EA
PO1*0024*45*EA*1.55**VP*611724*SK*611724*UP*732336451002
PID*F****GERANIUM ZONAL 4IN (1.2PT/574ML)
PO4**1*EA
PO1*0025*19*EA*2.45**VP*612568*SK*612568*UP*732336093004
PID*F****SUCCULENT QT (25.36FLOZ/750ML)
PO4**1*EA
PO1*0026*2*EA*2.49**VP*613218*SK*613218*UP*732336440006
PID*F****PERENNIAL WINNER GRANDE
PO4**1*EA
PO1*0027*11*EA*2.56**VP*614474*SK*614474*UP*732336096500
PID*F****ROSE MINI 1 QT(25.36FLOZ/750ML)
PO4**16*EA
PO1*0028*32*EA*7.65**VP*614519*SK*614519*UP*732336170002
PID*F****ANNUAL HALF FLATS ASST(1.1G/4L)
PO4**1*EA
PO1*0029*12*EA*12.5**VP*614623*SK*614623*UP*732336160003
PID*F****ANNUAL 49ER FLAT ASST(1.3G/4.9L)
PO4**1*EA
PO1*0030*6*EA*6.55**VP*616550*SK*616550*UP*732336437563
PID*F****TOMATO 3G W/CAGE (0.634G/2.4L)
PO4**1*EA
CTT*30*835
AMT*TT*2874.51
SE*104*000080672
ST*850*000080673
BEG*00*CN*83017445**20091120*0683017445
CUR*BY*USD
DTM*038*20091121
N1*OB**92*0683
N3*1055 W 21ST STREET
N4*SAN BERNARDINO*CA*92405
REF*DP*028
REF*3J*0005
REF*MR*0000073179
REF*AGL*DTS STORE
PO1*0006*4*EA*1.89**VP*JP VEGGIE*SK*582185*UP*732336280008
PID*F****VEGETABLE JUMBO 6PLT/PK(1.1QT/1L)
PO4**1*EA
PO1*0001*118*EA*2.58**VP*260429*SK*260429*UP*732336450500
PID*F****CYCLAMEN OUTDOOR 4IN
PO4**16*EA
PO1*0002*4*EA*1.04**VP*260878*SK*260878*UP*732336455000
PID*F****CHRYSANTHEMUM 4.5IN GARDEN MUM
PO4**16*EA
PO1*0003*8*EA*2.2**VP*322057*SK*322057*UP*732336350640
PID*F****CHRYSANTHEMUM 1G (0.634G (2.4L)
PO4**1*EA
PO1*0004*7*EA*5.1**VP*322254*SK*322254*UP*732336490506
PID*F****CYCLAMEN 6IN 1.4 QT (1.32L)
PO4**1*EA
PO1*0005*37*EA*1.78**VP*533223*SK*533223*UP*732336100009
PID*F****ANNUAL BEDDING JUMBO 6PK (1.1QT/1L)
PO4**8*EA
PO1*0007*1*EA*2.45**VP*612568*SK*612568*UP*732336093004
PID*F****SUCCULENT QT (25.36FLOZ/750ML)
PO4**1*EA
PO1*0008*3*EA*2.56**VP*614474*SK*614474*UP*732336096500
PID*F****ROSE MINI 1 QT(25.36FLOZ/750ML)
PO4**16*EA
CTT*8*182
AMT*TT*637.63
SE*38*000080673
ST*850*000080674
BEG*00*CN*87061392**20091120*0687061392
CUR*BY*USD
DTM*038*20091121
N1*OB**92*0687
N3*250 S MOUNTAIN
N4*UPLAND*CA*91786
REF*DP*028
REF*3J*0005
REF*MR*0000073179
REF*AGL*DTS STORE
PO1*0006*1*EA*1.89**VP*JP VEGGIE*SK*582185*UP*732336280008
PID*F****VEGETABLE JUMBO 6PLT/PK(1.1QT/1L)
PO4**1*EA
PO1*0004*6*EA*1.25**VP*REF 453129*SK*533411*UP*732336320001
PID*F****HERB 4 IN. (15 FL.OZ./42ML)
PO4**1*EA
PO1*0001*10*EA*2.58**VP*260429*SK*260429*UP*732336450500
PID*F****CYCLAMEN OUTDOOR 4IN
PO4**16*EA
PO1*0002*1*EA*1.04**VP*260878*SK*260878*UP*732336455000
PID*F****CHRYSANTHEMUM 4.5IN GARDEN MUM
PO4**16*EA
PO1*0003*30*EA*1.78**VP*533223*SK*533223*UP*732336100009
PID*F****ANNUAL BEDDING JUMBO 6PK (1.1QT/1L)
PO4**8*EA
PO1*0005*9*EA*2.55**VP*551898*SK*551898*UP*732336373281
PID*F****SALVIA LEUCANTHA 1G
PO4**1*EA
PO1*0007*3*EA*4.2**VP*582756*SK*582756*UP*732336371027
PID*F****LILIUM ASIATIC LILY 1G (.0634G/2.4L)
PO4**1*EA
PO1*0008*6*EA*2.75**VP*594300*SK*594300*UP*732336370426
PID*F****LAVANDULA LAVENDER 1G(.0634G/2.4L)
PO4**1*EA
PO1*0009*1*EA*2.17**VP*607156*SK*607156*UP*732336352859
PID*F****ANNUAL STOCK 1G (.0634G/2.4L)
PO4**1*EA
PO1*0010*2*EA*2.17**VP*607895*SK*607895*UP*732336352651
PID*F****SNAPDRAGON 1G (.0634G/2.4L)
PO4**1*EA
PO1*0011*6*EA*2.17**VP*608647*SK*608647*UP*732336350787
PID*F****DIANTHUS 1G (.0634G/2.4L)
PO4**1*EA
PO1*0012*1*EA*3.1**VP*610961*SK*610961*UP*732336376008
PID*F****GERBERA DAISY 1G(.0634G/2.4L)
PO4**1*EA
PO1*0013*9*EA*2.7**VP*611017*SK*611017*UP*732336372000
PID*F****GERANIUM ZONAL 1G(.0634G/2.4L)
PO4**1*EA
PO1*0014*5*EA*1.01**VP*612391*SK*612391*UP*732336203007
PID*F****PRIMULA PRIMROSE 4IN (1.52PT/720ML)
PO4**1*EA
PO1*0015*3*EA*2.45**VP*612568*SK*612568*UP*732336093004
PID*F****SUCCULENT QT (25.36FLOZ/750ML)
PO4**1*EA
PO1*0016*5*EA*2.49**VP*613218*SK*613218*UP*732336440006
PID*F****PERENNIAL WINNER GRANDE
PO4**1*EA
PO1*0017*1*EA*10.75**VP*613605*SK*613605*UP*732336400109
PID*F****HB ANNUAL 10IN.
PO4**1*EA
PO1*0018*3*EA*2.56**VP*614474*SK*614474*UP*732336096500
PID*F****ROSE MINI 1 QT(25.36FLOZ/750ML)
PO4**16*EA
PO1*0019*2*EA*7.65**VP*614519*SK*614519*UP*732336170002
PID*F****ANNUAL HALF FLATS ASST(1.1G/4L)
PO4**1*EA
PO1*0020*2*EA*12.5**VP*614623*SK*614623*UP*732336160003
PID*F****ANNUAL 49ER FLAT ASST(1.3G/4.9L)
PO4**1*EA
PO1*0021*12*EA*.85**VP*615950*SK*615950*UP*732336200006
PID*F****ANNUAL BEDDING 4IN(1.52PT/720ML)
PO4**1*EA
PO1*0022*1*EA*15**VP*893265*SK*893265*UP*732336417343
PID*F****HERB COMBO URN 14IN.
PO4**1*EA
CTT*22*119
AMT*TT*430.73
SE*80*000080674
ST*850*000080675
BEG*00*CN*05050958**20091120*1005050958
CUR*BY*USD
DTM*038*20091121
N1*OB**92*1005
N3*2115 N GAFFEY ST
N4*SAN PEDRO*CA*90731
REF*DP*028
REF*3J*0005
REF*MR*0000073179
REF*AGL*DTS STORE
PO1*0003*5*EA*1.89**VP*JP VEGGIE*SK*582185*UP*732336280008
PID*F****VEGETABLE JUMBO 6PLT/PK(1.1QT/1L)
PO4**1*EA
PO1*0001*14*EA*1.25**VP*REF 453129*SK*533411*UP*732336320001
PID*F****HERB 4 IN. (15 FL.OZ./42ML)
PO4**1*EA
PO1*0002*1*EA*1.89**VP*535501*SK*535501*UP*732336287540
PID*F****STRAWBERRY JUMBO PK (1.1QT/1L)
PO4**1*EA
PO1*0004*2*EA*2.45**VP*612568*SK*612568*UP*732336093004
PID*F****SUCCULENT QT (25.36FLOZ/750ML)
PO4**1*EA
PO1*0005*1*EA*13**VP*614319*SK*614319*UP*732336597342
PID*F****REDWOOD HERB COMBO TUB(2.9G/11.4L)
PO4**1*EA
CTT*5*23
AMT*TT*66.08
SE*29*000080675
ST*850*000080676
BEG*00*CN*12093662**20091120*1012093662
CUR*BY*USD
DTM*038*20091121
N1*OB**92*1012
N3*401 W VENTURA BLVD
N4*CAMARILLO*CA*93010
REF*DP*028
REF*3J*0005
REF*MR*0000073179
REF*AGL*DTS STORE
PO1*0001*43*EA*2.58**VP*260429*SK*260429*UP*732336450500
PID*F****CYCLAMEN OUTDOOR 4IN
PO4**16*EA
PO1*0002*9*EA*1.04**VP*260878*SK*260878*UP*732336455000
PID*F****CHRYSANTHEMUM 4.5IN GARDEN MUM
PO4**16*EA
PO1*0003*5*EA*2.2**VP*322057*SK*322057*UP*732336350640
PID*F****CHRYSANTHEMUM 1G (0.634G (2.4L)
PO4**1*EA
PO1*0004*81*EA*1.78**VP*533223*SK*533223*UP*732336100009
PID*F****ANNUAL BEDDING JUMBO 6PK (1.1QT/1L)
PO4**8*EA
PO1*0005*4*EA*2.75**VP*594300*SK*594300*UP*732336370426
PID*F****LAVANDULA LAVENDER 1G(.0634G/2.4L)
PO4**1*EA
PO1*0006*2*EA*2.55**VP*604438*SK*604438*UP*732336370273
PID*F****CUPHEA 1G (.0634/2.4L)
PO4**1*EA
PO1*0007*1*EA*2.55**VP*605647*SK*605647*UP*732336360106
PID*F****BACOPA SNOWFLAKE 1G(.0635/2.4L)
PO4**1*EA
PO1*0008*7*EA*2.17**VP*607895*SK*607895*UP*732336352651
PID*F****SNAPDRAGON 1G (.0634G/2.4L)
PO4**1*EA
PO1*0009*9*EA*2.45**VP*612568*SK*612568*UP*732336093004
PID*F****SUCCULENT QT (25.36FLOZ/750ML)
PO4**1*EA
PO1*0010*3*EA*2.56**VP*614474*SK*614474*UP*732336096500
PID*F****ROSE MINI 1 QT(25.36FLOZ/750ML)
PO4**16*EA
PO1*0011*6*EA*7.65**VP*614519*SK*614519*UP*732336170002
PID*F****ANNUAL HALF FLATS ASST(1.1G/4L)
PO4**1*EA
PO1*0012*2*EA*2.55**VP*616252*SK*616252*UP*732336372369
PID*F****NEMESIS PERENNIAL 1G (0.634/2.4L)
PO4**1*EA
CTT*12*172
AMT*TT*532.39
SE*50*000080676
ST*850*000080677
BEG*00*CN*28035952**20091120*1028035952
CUR*BY*USD
DTM*038*20091121
N1*OB**92*1028
N3*32020 TEMECULA PARKWAY
N4*TEMECULA*CA*92592
REF*DP*028
REF*3J*0005
REF*MR*0000073179
REF*AGL*DTS STORE
PO1*0009*1*EA*1.89**VP*JP VEGGIE*SK*582185*UP*732336280008
PID*F****VEGETABLE JUMBO 6PLT/PK(1.1QT/1L)
PO4**1*EA
PO1*0008*3*EA*1.25**VP*REF 453129*SK*533411*UP*732336320001
PID*F****HERB 4 IN. (15 FL.OZ./42ML)
PO4**1*EA
PO1*0001*51*EA*2.58**VP*260429*SK*260429*UP*732336450500
PID*F****CYCLAMEN OUTDOOR 4IN
PO4**16*EA
PO1*0002*8*EA*1.04**VP*260878*SK*260878*UP*732336455000
PID*F****CHRYSANTHEMUM 4.5IN GARDEN MUM
PO4**16*EA
PO1*0003*2*EA*2.2**VP*322057*SK*322057*UP*732336350640
PID*F****CHRYSANTHEMUM 1G (0.634G (2.4L)
PO4**1*EA
PO1*0004*6*EA*5.1**VP*322254*SK*322254*UP*732336490506
PID*F****CYCLAMEN 6IN 1.4 QT (1.32L)
PO4**1*EA
PO1*0005*6*EA*2.2**VP*418927*SK*418927*UP*732336338006
PID*F****HERB RICE POT QT
PO4**16*EA
PO1*0006*2*EA*8.5**VP*521435*SK*521435*UP*732336602558
PID*F****COLOR BOWL 14.5IN BO-OVAL
PO4**1*EA
PO1*0007*65*EA*1.78**VP*533223*SK*533223*UP*732336100009
PID*F****ANNUAL BEDDING JUMBO 6PK (1.1QT/1L)
PO4**8*EA
PO1*0010*3*EA*2.55**VP*601412*SK*601412*UP*732336370389
PID*F****EURYOPS 1G (.0634G/2.4L)
PO4**1*EA
PO1*0011*6*EA*2.55**VP*604438*SK*604438*UP*732336370273
PID*F****CUPHEA 1G (.0634/2.4L)
PO4**1*EA
PO1*0012*7*EA*2.55**VP*605647*SK*605647*UP*732336360106
PID*F****BACOPA SNOWFLAKE 1G(.0635/2.4L)
PO4**1*EA
PO1*0013*1*EA*2.17**VP*606928*SK*606928*UP*732336352026
PID*F****PAPAVER ICELAND POPPY 1G(.0634G/2.4L
PO4**1*EA
PO1*0014*2*EA*2.17**VP*608315*SK*608315*UP*732336351043
PID*F****KALE 1G (.0635G/2.4L)
PO4**1*EA
PO1*0015*1*EA*1.9**VP*611248*SK*611248*UP*732336090003
PID*F****PERENNIAL 1QT (25.36FLOZ/750ML)
PO4**1*EA
PO1*0016*2*EA*1.55**VP*611724*SK*611724*UP*732336451002
PID*F****GERANIUM ZONAL 4IN (1.2PT/574ML)
PO4**1*EA
PO1*0017*1*EA*1.01**VP*612391*SK*612391*UP*732336203007
PID*F****PRIMULA PRIMROSE 4IN (1.52PT/720ML)
PO4**1*EA
PO1*0018*1*EA*2.45**VP*612568*SK*612568*UP*732336093004
PID*F****SUCCULENT QT (25.36FLOZ/750ML)
PO4**1*EA
PO1*0019*6*EA*2.49**VP*613218*SK*613218*UP*732336440006
PID*F****PERENNIAL WINNER GRANDE
PO4**1*EA
PO1*0020*8*EA*2.56**VP*614474*SK*614474*UP*732336096500
PID*F****ROSE MINI 1 QT(25.36FLOZ/750ML)
PO4**16*EA
PO1*0021*1*EA*2.55**VP*616252*SK*616252*UP*732336372369
PID*F****NEMESIS PERENNIAL 1G (0.634/2.4L)
PO4**1*EA
PO1*0022*3*EA*2.55**VP*617732*SK*617732*UP*732336370501
PID*F****MUM MARGUERITE DAISY 1G(.0634/2.4L)
PO4**1*EA
CTT*22*186
AMT*TT*598.28
SE*80*000080677
ST*850*000080678
BEG*00*CN*31017456**20091120*1031017456
CUR*BY*USD
DTM*038*20091121
N1*OB**92*1031
N3*905 EL CAMINO REAL
N4*ATASCADERO*CA*93422
REF*DP*028
REF*3J*0005
REF*MR*0000073179
REF*AGL*DTS STORE
PO1*0008*7*EA*1.89**VP*JP VEGGIE*SK*582185*UP*732336280008
PID*F****VEGETABLE JUMBO 6PLT/PK(1.1QT/1L)
PO4**1*EA
PO1*0007*5*EA*1.25**VP*REF 453129*SK*533411*UP*732336320001
PID*F****HERB 4 IN. (15 FL.OZ./42ML)
PO4**1*EA
PO1*0001*12*EA*2.58**VP*260429*SK*260429*UP*732336450500
PID*F****CYCLAMEN OUTDOOR 4IN
PO4**16*EA
PO1*0002*4*EA*2.2**VP*322057*SK*322057*UP*732336350640
PID*F****CHRYSANTHEMUM 1G (0.634G (2.4L)
PO4**1*EA
PO1*0003*1*EA*5.1**VP*322254*SK*322254*UP*732336490506
PID*F****CYCLAMEN 6IN 1.4 QT (1.32L)
PO4**1*EA
PO1*0004*1*EA*2.5**VP*344272*SK*344272*UP*732336374509
PID*F****MANDEVILLA PROMO 1G
PO4**1*EA
PO1*0005*3*EA*2.2**VP*418927*SK*418927*UP*732336338006
PID*F****HERB RICE POT QT
PO4**16*EA
PO1*0006*30*EA*1.78**VP*533223*SK*533223*UP*732336100009
PID*F****ANNUAL BEDDING JUMBO 6PK (1.1QT/1L)
PO4**8*EA
PO1*0009*2*EA*4.2**VP*582756*SK*582756*UP*732336371027
PID*F****LILIUM ASIATIC LILY 1G (.0634G/2.4L)
PO4**1*EA
PO1*0010*2*EA*2.55**VP*599968*SK*599968*UP*732336370402
PID*F****FELICIA BLUE MARGUERITE(.0634/2.4L)
PO4**1*EA
PO1*0011*2*EA*2.17**VP*607959*SK*607959*UP*732336352101
PID*F****PRIMULA 1G .0634G/2.4L)
PO4**1*EA
PO1*0012*15*EA*2.45**VP*612568*SK*612568*UP*732336093004
PID*F****SUCCULENT QT (25.36FLOZ/750ML)
PO4**1*EA
PO1*0013*4*EA*2.49**VP*613218*SK*613218*UP*732336440006
PID*F****PERENNIAL WINNER GRANDE
PO4**1*EA
PO1*0014*8*EA*.85**VP*615950*SK*615950*UP*732336200006
PID*F****ANNUAL BEDDING 4IN(1.52PT/720ML)
PO4**1*EA
PO1*0015*1*EA*2.55**VP*617732*SK*617732*UP*732336370501
PID*F****MUM MARGUERITE DAISY 1G(.0634/2.4L)
PO4**1*EA
PO1*0016*2*EA*3.74**VP*617968*SK*617968*UP*732336360700
PID*F****SENECIO PREM. SELECT 1G(.0634G/2.4L)
PO4**1*EA
CTT*16*99
AMT*TT*288.47
SE*62*000080678
ST*850*000080679
BEG*00*CN*40089238**20091120*1040089238
CUR*BY*USD
DTM*038*20091121
N1*OB**92*1040
N3*401 W ESPLANADE DRIVE
N4*OXNARD*CA*93036
REF*DP*028
REF*3J*0005
REF*MR*0000073179
REF*AGL*DTS STORE
PO1*0001*43*EA*2.58**VP*260429*SK*260429*UP*732336450500
PID*F****CYCLAMEN OUTDOOR 4IN
PO4**16*EA
PO1*0002*19*EA*1.04**VP*260878*SK*260878*UP*732336455000
PID*F****CHRYSANTHEMUM 4.5IN GARDEN MUM
PO4**16*EA
PO1*0003*3*EA*2.5**VP*344272*SK*344272*UP*732336374509
PID*F****MANDEVILLA PROMO 1G
PO4**1*EA
PO1*0004*43*EA*1.78**VP*533223*SK*533223*UP*732336100009
PID*F****ANNUAL BEDDING JUMBO 6PK (1.1QT/1L)
PO4**8*EA
PO1*0005*7*EA*2.55**VP*596142*SK*596142*UP*732336354006
PID*F****IMPATIEN DBL 1G(.0634G/2.4L)
PO4**1*EA
PO1*0006*2*EA*2.55**VP*601412*SK*601412*UP*732336370389
PID*F****EURYOPS 1G (.0634G/2.4L)
PO4**1*EA
PO1*0007*2*EA*11**VP*604240*SK*604240*UP*732336465009
PID*F****CHRYSANTHEMUM CACHE 12IN3.35G/12.68L
PO4**1*EA
PO1*0008*5*EA*2.17**VP*607895*SK*607895*UP*732336352651
PID*F****SNAPDRAGON 1G (.0634G/2.4L)
PO4**1*EA
PO1*0009*3*EA*2.45**VP*612568*SK*612568*UP*732336093004
PID*F****SUCCULENT QT (25.36FLOZ/750ML)
PO4**1*EA
PO1*0010*3*EA*2.56**VP*614474*SK*614474*UP*732336096500
PID*F****ROSE MINI 1 QT(25.36FLOZ/750ML)
PO4**16*EA
PO1*0011*2*EA*7.65**VP*614519*SK*614519*UP*732336170002
PID*F****ANNUAL HALF FLATS ASST(1.1G/4L)
PO4**1*EA
CTT*11*132
AMT*TT*417.05
SE*47*000080679
ST*850*000080680
BEG*00*CN*55057291**20091120*1055057291
CUR*BY*USD
DTM*038*20091121
N1*OB**92*1055
N3*28033 NEWHALL RANCH RD
N4*SANTA CLARITA*CA*91355
REF*DP*028
REF*3J*0005
REF*MR*0000073179
REF*AGL*DTS STORE
PO1*0007*4*EA*1.89**VP*JP VEGGIE*SK*582185*UP*732336280008
PID*F****VEGETABLE JUMBO 6PLT/PK(1.1QT/1L)
PO4**1*EA
PO1*0005*5*EA*1.25**VP*REF 453129*SK*533411*UP*732336320001
PID*F****HERB 4 IN. (15 FL.OZ./42ML)
PO4**1*EA
PO1*0001*77*EA*2.58**VP*260429*SK*260429*UP*732336450500
PID*F****CYCLAMEN OUTDOOR 4IN
PO4**16*EA
PO1*0002*8*EA*1.04**VP*260878*SK*260878*UP*732336455000
PID*F****CHRYSANTHEMUM 4.5IN GARDEN MUM
PO4**16*EA
PO1*0003*1*EA*2.2**VP*418927*SK*418927*UP*732336338006
PID*F****HERB RICE POT QT
PO4**16*EA
PO1*0004*77*EA*1.78**VP*533223*SK*533223*UP*732336100009
PID*F****ANNUAL BEDDING JUMBO 6PK (1.1QT/1L)
PO4**8*EA
PO1*0006*4*EA*.87**VP*536029*SK*536029*UP*732336260017
PID*F****STRAWBERRY 4IN. (1.52PT/720ML)
PO4**1*EA
PO1*0008*4*EA*2.17**VP*607156*SK*607156*UP*732336352859
PID*F****ANNUAL STOCK 1G (.0634G/2.4L)
PO4**1*EA
PO1*0009*1*EA*2.17**VP*607895*SK*607895*UP*732336352651
PID*F****SNAPDRAGON 1G (.0634G/2.4L)
PO4**1*EA
PO1*0010*2*EA*2.17**VP*608315*SK*608315*UP*732336351043
PID*F****KALE 1G (.0635G/2.4L)
PO4**1*EA
PO1*0011*12*EA*1.9**VP*611248*SK*611248*UP*732336090003
PID*F****PERENNIAL 1QT (25.36FLOZ/750ML)
PO4**1*EA
PO1*0012*15*EA*1.55**VP*611599*SK*611599*UP*732336452009
PID*F****GERANIUM IVY 4IN(1.2PT/574ML)
PO4**1*EA
PO1*0013*6*EA*1.01**VP*612391*SK*612391*UP*732336203007
PID*F****PRIMULA PRIMROSE 4IN (1.52PT/720ML)
PO4**1*EA
PO1*0014*1*EA*2.56**VP*614474*SK*614474*UP*732336096500
PID*F****ROSE MINI 1 QT(25.36FLOZ/750ML)
PO4**16*EA
PO1*0015*2*EA*7.65**VP*614519*SK*614519*UP*732336170002
PID*F****ANNUAL HALF FLATS ASST(1.1G/4L)
PO4**1*EA
PO1*0016*3*EA*12.5**VP*614623*SK*614623*UP*732336160003
PID*F****ANNUAL 49ER FLAT ASST(1.3G/4.9L)
PO4**1*EA
CTT*16*222
AMT*TT*691.35
SE*62*000080680
ST*850*000080681
BEG*00*CN*83014738**20091120*1083014738
CUR*BY*USD
DTM*038*20091121
N1*OB**92*1083
N3*1401 E 19TH ST
N4*UPLAND*CA*91784
REF*DP*028
REF*3J*0005
REF*MR*0000073179
REF*AGL*DTS STORE
PO1*0011*2*EA*1.89**VP*JP VEGGIE*SK*582185*UP*732336280008
PID*F****VEGETABLE JUMBO 6PLT/PK(1.1QT/1L)
PO4**1*EA
PO1*0009*3*EA*1.25**VP*REF 453129*SK*533411*UP*732336320001
PID*F****HERB 4 IN. (15 FL.OZ./42ML)
PO4**1*EA
PO1*0001*42*EA*2.58**VP*260429*SK*260429*UP*732336450500
PID*F****CYCLAMEN OUTDOOR 4IN
PO4**16*EA
PO1*0002*3*EA*1.04**VP*260878*SK*260878*UP*732336455000
PID*F****CHRYSANTHEMUM 4.5IN GARDEN MUM
PO4**16*EA
PO1*0003*1*EA*2.2**VP*322057*SK*322057*UP*732336350640
PID*F****CHRYSANTHEMUM 1G (0.634G (2.4L)
PO4**1*EA
PO1*0004*2*EA*5.1**VP*322254*SK*322254*UP*732336490506
PID*F****CYCLAMEN 6IN 1.4 QT (1.32L)
PO4**1*EA
PO1*0005*2*EA*2.25**VP*438771*SK*438771*UP*732336370464
PID*F****LANTANA 1G
PO4**1*EA
PO1*0006*1*EA*14.25**VP*499945*SK*499945*UP*732336460004
PID*F****ANNUAL PROVEN WINNER COLOR BOWL 12IN
PO4**1*EA
PO1*0007*2*EA*8.5**VP*521435*SK*521435*UP*732336602558
PID*F****COLOR BOWL 14.5IN BO-OVAL
PO4**1*EA
PO1*0008*137*EA*1.78**VP*533223*SK*533223*UP*732336100009
PID*F****ANNUAL BEDDING JUMBO 6PK (1.1QT/1L)
PO4**8*EA
PO1*0010*7*EA*2.55**VP*553036*SK*553036*UP*732336372482
PID*F****ORNAMENTAL PEPPER 1G
PO4**1*EA
PO1*0012*11*EA*4.2**VP*582756*SK*582756*UP*732336371027
PID*F****LILIUM ASIATIC LILY 1G (.0634G/2.4L)
PO4**1*EA
PO1*0013*2*EA*2.17**VP*607156*SK*607156*UP*732336352859
PID*F****ANNUAL STOCK 1G (.0634G/2.4L)
PO4**1*EA
PO1*0014*1*EA*2.17**VP*607959*SK*607959*UP*732336352101
PID*F****PRIMULA 1G .0634G/2.4L)
PO4**1*EA
PO1*0015*10*EA*2.17**VP*608647*SK*608647*UP*732336350787
PID*F****DIANTHUS 1G (.0634G/2.4L)
PO4**1*EA
PO1*0016*1*EA*2.17**VP*608662*SK*608662*UP*732336350732
PID*F****COLEUS 1G (.0634G/2.4L)
PO4**1*EA
PO1*0017*6*EA*3.1**VP*610961*SK*610961*UP*732336376008
PID*F****GERBERA DAISY 1G(.0634G/2.4L)
PO4**1*EA
PO1*0018*1*EA*9.4**VP*611441*SK*611441*UP*732336602503
PID*F****ANNUAL 14IN COLOR BOWL(2.08G/7.87L)
PO4**1*EA
PO1*0019*5*EA*1.55**VP*611599*SK*611599*UP*732336452009
PID*F****GERANIUM IVY 4IN(1.2PT/574ML)
PO4**1*EA
PO1*0020*2*EA*2.49**VP*613218*SK*613218*UP*732336440006
PID*F****PERENNIAL WINNER GRANDE
PO4**1*EA
PO1*0021*1*EA*11.25**VP*614513*SK*614513*UP*732336190000
PID*F****ANNUAL PRO 18 PAK (2.02G/7.66L)
PO4**1*EA
PO1*0022*2*EA*7.65**VP*614519*SK*614519*UP*732336170002
PID*F****ANNUAL HALF FLATS ASST(1.1G/4L)
PO4**1*EA
PO1*0023*5*EA*2.55**VP*616252*SK*616252*UP*732336372369
PID*F****NEMESIS PERENNIAL 1G (0.634/2.4L)
PO4**1*EA
PO1*0024*1*EA*10.75**VP*618112*SK*618112*UP*732336480019
PID*F****PERENNIAL CACHE/SAND(1.92G/7.26L)
PO4**1*EA
CTT*24*250
AMT*TT*817.8
SE*86*000080681
ST*850*000080682
BEG*00*CN*89054101**20091120*1089054101
CUR*BY*USD
DTM*038*20091121
N1*OB**92*1089
N3*575 N CHINA LAKE
N4*RIDGECREST*CA*93555
REF*DP*028
REF*3J*0005
REF*MR*0000073179
REF*AGL*DTS STORE
PO1*0005*3*EA*1.89**VP*JP VEGGIE*SK*582185*UP*732336280008
PID*F****VEGETABLE JUMBO 6PLT/PK(1.1QT/1L)
PO4**1*EA
PO1*0001*4*EA*2.58**VP*260429*SK*260429*UP*732336450500
PID*F****CYCLAMEN OUTDOOR 4IN
PO4**16*EA
PO1*0002*3*EA*5.1**VP*322254*SK*322254*UP*732336490506
PID*F****CYCLAMEN 6IN 1.4 QT (1.32L)
PO4**1*EA
PO1*0003*9*EA*1.78**VP*533223*SK*533223*UP*732336100009
PID*F****ANNUAL BEDDING JUMBO 6PK (1.1QT/1L)
PO4**8*EA
PO1*0004*1*EA*2.86**VP*553126*SK*553126*UP*732336371850
PID*F****GRASS ORNAMENTAL 1G
PO4**1*EA
PO1*0006*3*EA*2.17**VP*607156*SK*607156*UP*732336352859
PID*F****ANNUAL STOCK 1G (.0634G/2.4L)
PO4**1*EA
PO1*0007*1*EA*2.17**VP*608647*SK*608647*UP*732336350787
PID*F****DIANTHUS 1G (.0634G/2.4L)
PO4**1*EA
PO1*0008*1*EA*7.65**VP*614519*SK*614519*UP*732336170002
PID*F****ANNUAL HALF FLATS ASST(1.1G/4L)
PO4**1*EA
CTT*8*25
AMT*TT*90.38
SE*38*000080682
ST*850*000080683
BEG*00*CN*30089193**20091120*6630089193
CUR*BY*USD
DTM*038*20091121
N1*OB**92*6630
N3*79900 HIGHWAY 111
N4*LA QUINTA*CA*92253
REF*DP*028
REF*3J*0005
REF*MR*0000073179
REF*AGL*DTS STORE
PO1*0011*14*EA*1.89**VP*JP VEGGIE*SK*582185*UP*732336280008
PID*F****VEGETABLE JUMBO 6PLT/PK(1.1QT/1L)
PO4**1*EA
PO1*0009*43*EA*1.25**VP*REF 453129*SK*533411*UP*732336320001
PID*F****HERB 4 IN. (15 FL.OZ./42ML)
PO4**1*EA
PO1*0008*16*EA*.87**VP*REF 711-934*SK*533339*UP*732336250001
PID*F****VEGETABLE 4 IN.(1.52PT/720ML)
PO4**1*EA
PO1*0001*32*EA*2.58**VP*260429*SK*260429*UP*732336450500
PID*F****CYCLAMEN OUTDOOR 4IN
PO4**16*EA
PO1*0002*12*EA*5.1**VP*322254*SK*322254*UP*732336490506
PID*F****CYCLAMEN 6IN 1.4 QT (1.32L)
PO4**1*EA
PO1*0003*9*EA*2.2**VP*418927*SK*418927*UP*732336338006
PID*F****HERB RICE POT QT
PO4**16*EA
PO1*0004*22*EA*2.25**VP*438771*SK*438771*UP*732336370464
PID*F****LANTANA 1G
PO4**1*EA
PO1*0005*2*EA*2.1**VP*453945*SK*453945*UP*048834511170
PID*F****VIGORO SELECT CA QT ANNUAL
PO4**1*EA
PO1*0006*4*EA*2.49**VP*508463*SK*508463*UP*732336441003
PID*F****PW ECOVATIONS GRANDE
PO4**1*EA
PO1*0007*537*EA*1.78**VP*533223*SK*533223*UP*732336100009
PID*F****ANNUAL BEDDING JUMBO 6PK (1.1QT/1L)
PO4**8*EA
PO1*0010*5*EA*1.89**VP*535501*SK*535501*UP*732336287540
PID*F****STRAWBERRY JUMBO PK (1.1QT/1L)
PO4**1*EA
PO1*0012*10*EA*2.55**VP*601412*SK*601412*UP*732336370389
PID*F****EURYOPS 1G (.0634G/2.4L)
PO4**1*EA
PO1*0013*3*EA*2.55**VP*601513*SK*601513*UP*732336370372
PID*F****EVOLVULUS 1G (.0634/2.4L)
PO4**1*EA
PO1*0014*5*EA*2.55**VP*604438*SK*604438*UP*732336370273
PID*F****CUPHEA 1G (.0634/2.4L)
PO4**1*EA
PO1*0015*19*EA*2.55**VP*605647*SK*605647*UP*732336360106
PID*F****BACOPA SNOWFLAKE 1G(.0635/2.4L)
PO4**1*EA
PO1*0016*1*EA*2.17**VP*606928*SK*606928*UP*732336352026
PID*F****PAPAVER ICELAND POPPY 1G(.0634G/2.4L
PO4**1*EA
PO1*0017*5*EA*2.17**VP*607156*SK*607156*UP*732336352859
PID*F****ANNUAL STOCK 1G (.0634G/2.4L)
PO4**1*EA
PO1*0018*13*EA*2.17**VP*607895*SK*607895*UP*732336352651
PID*F****SNAPDRAGON 1G (.0634G/2.4L)
PO4**1*EA
PO1*0019*2*EA*2.17**VP*608020*SK*608020*UP*732336351500
PID*F****PETUNIA 1G (.0634G/2.4L)
PO4**1*EA
PO1*0020*2*EA*2.17**VP*608315*SK*608315*UP*732336351043
PID*F****KALE 1G (.0635G/2.4L)
PO4**1*EA
PO1*0021*1*EA*2.7**VP*611017*SK*611017*UP*732336372000
PID*F****GERANIUM ZONAL 1G(.0634G/2.4L)
PO4**1*EA
PO1*0022*9*EA*9.4**VP*611441*SK*611441*UP*732336602503
PID*F****ANNUAL 14IN COLOR BOWL(2.08G/7.87L)
PO4**1*EA
PO1*0023*2*EA*1.55**VP*611599*SK*611599*UP*732336452009
PID*F****GERANIUM IVY 4IN(1.2PT/574ML)
PO4**1*EA
PO1*0024*7*EA*1.55**VP*611724*SK*611724*UP*732336451002
PID*F****GERANIUM ZONAL 4IN (1.2PT/574ML)
PO4**1*EA
PO1*0025*24*EA*2.45**VP*612568*SK*612568*UP*732336093004
PID*F****SUCCULENT QT (25.36FLOZ/750ML)
PO4**1*EA
PO1*0026*3*EA*2.49**VP*613218*SK*613218*UP*732336440006
PID*F****PERENNIAL WINNER GRANDE
PO4**1*EA
PO1*0027*10*EA*2.56**VP*614474*SK*614474*UP*732336096500
PID*F****ROSE MINI 1 QT(25.36FLOZ/750ML)
PO4**16*EA
PO1*0028*15*EA*7.65**VP*614519*SK*614519*UP*732336170002
PID*F****ANNUAL HALF FLATS ASST(1.1G/4L)
PO4**1*EA
PO1*0029*16*EA*12.5**VP*614623*SK*614623*UP*732336160003
PID*F****ANNUAL 49ER FLAT ASST(1.3G/4.9L)
PO4**1*EA
PO1*0030*3*EA*2.17**VP*616336*SK*616336*UP*732336260000
PID*F****VEGETABLE 1G (.0634G/2.4L)
PO4**1*EA
PO1*0031*2*EA*6.55**VP*616550*SK*616550*UP*732336437563
PID*F****TOMATO 3G W/CAGE (0.634G/2.4L)
PO4**1*EA
PO1*0032*3*EA*2.25**VP*875616*SK*875616*UP*048834111165
PID*F****VIGORO SELECT CALIF QT PERENNIAL
PO4**1*EA
CTT*32*851
AMT*TT*2495.82
SE*110*000080683
ST*850*000080684
BEG*00*CN*37020177**20091120*6637020177
CUR*BY*USD
DTM*038*20091121
N1*OB**92*6637
N3*3400 W FLORIDA
N4*HEMET*CA*92545
REF*DP*028
REF*3J*0005
REF*MR*0000073179
REF*AGL*DTS STORE
PO1*0008*2*EA*1.89**VP*JP VEGGIE*SK*582185*UP*732336280008
PID*F****VEGETABLE JUMBO 6PLT/PK(1.1QT/1L)
PO4**1*EA
PO1*0007*9*EA*1.25**VP*REF 453129*SK*533411*UP*732336320001
PID*F****HERB 4 IN. (15 FL.OZ./42ML)
PO4**1*EA
PO1*0001*26*EA*2.58**VP*260429*SK*260429*UP*732336450500
PID*F****CYCLAMEN OUTDOOR 4IN
PO4**16*EA
PO1*0002*4*EA*1.04**VP*260878*SK*260878*UP*732336455000
PID*F****CHRYSANTHEMUM 4.5IN GARDEN MUM
PO4**16*EA
PO1*0003*1*EA*2.2**VP*322057*SK*322057*UP*732336350640
PID*F****CHRYSANTHEMUM 1G (0.634G (2.4L)
PO4**1*EA
PO1*0004*3*EA*2.2**VP*418927*SK*418927*UP*732336338006
PID*F****HERB RICE POT QT
PO4**16*EA
PO1*0005*2*EA*2.7**VP*446467*SK*446467*UP*732336373007
PID*F****GERANIUM IVY 1G (.0634G/2.4L)
PO4**1*EA
PO1*0006*78*EA*1.78**VP*533223*SK*533223*UP*732336100009
PID*F****ANNUAL BEDDING JUMBO 6PK (1.1QT/1L)
PO4**8*EA
PO1*0009*2*EA*2.55**VP*590830*SK*590830*UP*732336371072
PID*F****OSTEOSPERMUN 1G(.0634G/2.4L)
PO4**1*EA
PO1*0010*5*EA*2.17**VP*607156*SK*607156*UP*732336352859
PID*F****ANNUAL STOCK 1G (.0634G/2.4L)
PO4**1*EA
PO1*0011*2*EA*2.17**VP*608431*SK*608431*UP*732336351357
PID*F****PANSY 1G (.0634G/2.4L)
PO4**1*EA
PO1*0012*2*EA*2.17**VP*608647*SK*608647*UP*732336350787
PID*F****DIANTHUS 1G (.0634G/2.4L)
PO4**1*EA
PO1*0013*13*EA*1.55**VP*611599*SK*611599*UP*732336452009
PID*F****GERANIUM IVY 4IN(1.2PT/574ML)
PO4**1*EA
PO1*0014*2*EA*1.01**VP*612391*SK*612391*UP*732336203007
PID*F****PRIMULA PRIMROSE 4IN (1.52PT/720ML)
PO4**1*EA
PO1*0015*10*EA*2.49**VP*613218*SK*613218*UP*732336440006
PID*F****PERENNIAL WINNER GRANDE
PO4**1*EA
PO1*0016*5*EA*10.75**VP*613605*SK*613605*UP*732336400109
PID*F****HB ANNUAL 10IN.
PO4**1*EA
PO1*0017*5*EA*2.56**VP*614474*SK*614474*UP*732336096500
PID*F****ROSE MINI 1 QT(25.36FLOZ/750ML)
PO4**16*EA
PO1*0018*2*EA*.85**VP*615950*SK*615950*UP*732336200006
PID*F****ANNUAL BEDDING 4IN(1.52PT/720ML)
PO4**1*EA
PO1*0019*2*EA*2.55**VP*617732*SK*617732*UP*732336370501
PID*F****MUM MARGUERITE DAISY 1G(.0634/2.4L)
PO4**1*EA
CTT*19*175
AMT*TT*529.52
SE*71*000080684
ST*850*000080685
BEG*00*CN*38046625**20091120*6638046625
CUR*BY*USD
DTM*038*20091121
N1*OB**92*6638
N3*2120 S BRADLEY RD
N4*SANTA MARIA*CA*93454
REF*DP*028
REF*3J*0005
REF*MR*0000073179
REF*AGL*DTS STORE
PO1*0008*3*EA*1.89**VP*JP VEGGIE*SK*582185*UP*732336280008
PID*F****VEGETABLE JUMBO 6PLT/PK(1.1QT/1L)
PO4**1*EA
PO1*0005*12*EA*1.25**VP*REF 453129*SK*533411*UP*732336320001
PID*F****HERB 4 IN. (15 FL.OZ./42ML)
PO4**1*EA
PO1*0001*39*EA*2.58**VP*260429*SK*260429*UP*732336450500
PID*F****CYCLAMEN OUTDOOR 4IN
PO4**16*EA
PO1*0002*13*EA*1.04**VP*260878*SK*260878*UP*732336455000
PID*F****CHRYSANTHEMUM 4.5IN GARDEN MUM
PO4**16*EA
PO1*0003*1*EA*2.25**VP*438771*SK*438771*UP*732336370464
PID*F****LANTANA 1G
PO4**1*EA
PO1*0004*70*EA*1.78**VP*533223*SK*533223*UP*732336100009
PID*F****ANNUAL BEDDING JUMBO 6PK (1.1QT/1L)
PO4**8*EA
PO1*0006*3*EA*2.55**VP*551898*SK*551898*UP*732336373281
PID*F****SALVIA LEUCANTHA 1G
PO4**1*EA
PO1*0007*3*EA*2.86**VP*553126*SK*553126*UP*732336371850
PID*F****GRASS ORNAMENTAL 1G
PO4**1*EA
PO1*0009*2*EA*2.55**VP*584696*SK*584696*UP*732336370617
PID*F****LIMONIUM STATICE 1G (.0634G/2.4L)
PO4**1*EA
PO1*0010*2*EA*2.75**VP*594300*SK*594300*UP*732336370426
PID*F****LAVANDULA LAVENDER 1G(.0634G/2.4L)
PO4**1*EA
PO1*0011*13*EA*2.55**VP*599968*SK*599968*UP*732336370402
PID*F****FELICIA BLUE MARGUERITE(.0634/2.4L)
PO4**1*EA
PO1*0012*14*EA*2.55**VP*605647*SK*605647*UP*732336360106
PID*F****BACOPA SNOWFLAKE 1G(.0635/2.4L)
PO4**1*EA
PO1*0013*11*EA*2.17**VP*607156*SK*607156*UP*732336352859
PID*F****ANNUAL STOCK 1G (.0634G/2.4L)
PO4**1*EA
PO1*0014*5*EA*2.17**VP*607959*SK*607959*UP*732336352101
PID*F****PRIMULA 1G .0634G/2.4L)
PO4**1*EA
PO1*0015*2*EA*2.17**VP*608647*SK*608647*UP*732336350787
PID*F****DIANTHUS 1G (.0634G/2.4L)
PO4**1*EA
PO1*0016*3*EA*3.1**VP*610961*SK*610961*UP*732336376008
PID*F****GERBERA DAISY 1G(.0634G/2.4L)
PO4**1*EA
PO1*0017*1*EA*9.4**VP*611441*SK*611441*UP*732336602503
PID*F****ANNUAL 14IN COLOR BOWL(2.08G/7.87L)
PO4**1*EA
PO1*0018*8*EA*1.55**VP*611599*SK*611599*UP*732336452009
PID*F****GERANIUM IVY 4IN(1.2PT/574ML)
PO4**1*EA
PO1*0019*34*EA*1.55**VP*611724*SK*611724*UP*732336451002
PID*F****GERANIUM ZONAL 4IN (1.2PT/574ML)
PO4**1*EA
PO1*0020*3*EA*2.49**VP*613218*SK*613218*UP*732336440006
PID*F****PERENNIAL WINNER GRANDE
PO4**1*EA
PO1*0021*1*EA*10.75**VP*613605*SK*613605*UP*732336400109
PID*F****HB ANNUAL 10IN.
PO4**1*EA
PO1*0022*3*EA*2.56**VP*614474*SK*614474*UP*732336096500
PID*F****ROSE MINI 1 QT(25.36FLOZ/750ML)
PO4**16*EA
PO1*0023*3*EA*7.65**VP*614519*SK*614519*UP*732336170002
PID*F****ANNUAL HALF FLATS ASST(1.1G/4L)
PO4**1*EA
PO1*0024*9*EA*.85**VP*615950*SK*615950*UP*732336200006
PID*F****ANNUAL BEDDING 4IN(1.52PT/720ML)
PO4**1*EA
PO1*0025*3*EA*2.55**VP*616252*SK*616252*UP*732336372369
PID*F****NEMESIS PERENNIAL 1G (0.634/2.4L)
PO4**1*EA
PO1*0026*1*EA*2.55**VP*617732*SK*617732*UP*732336370501
PID*F****MUM MARGUERITE DAISY 1G(.0634/2.4L)
PO4**1*EA
CTT*26*262
AMT*TT*814.03
SE*92*000080685
ST*850*000080686
BEG*00*CN*45072721**20091120*6645072721
CUR*BY*USD
DTM*038*20091121
N1*OB**92*6645
N3*2707 S TOWNE AVE
N4*POMONA*CA*91766
REF*DP*028
REF*3J*0005
REF*MR*0000073179
REF*AGL*DTS STORE
PO1*0009*11*EA*1.89**VP*JP VEGGIE*SK*582185*UP*732336280008
PID*F****VEGETABLE JUMBO 6PLT/PK(1.1QT/1L)
PO4**1*EA
PO1*0007*1*EA*1.25**VP*REF 453129*SK*533411*UP*732336320001
PID*F****HERB 4 IN. (15 FL.OZ./42ML)
PO4**1*EA
PO1*0001*7*EA*2.58**VP*260429*SK*260429*UP*732336450500
PID*F****CYCLAMEN OUTDOOR 4IN
PO4**16*EA
PO1*0002*3*EA*1.04**VP*260878*SK*260878*UP*732336455000
PID*F****CHRYSANTHEMUM 4.5IN GARDEN MUM
PO4**16*EA
PO1*0003*2*EA*2.2**VP*322057*SK*322057*UP*732336350640
PID*F****CHRYSANTHEMUM 1G (0.634G (2.4L)
PO4**1*EA
PO1*0004*2*EA*2.5**VP*344272*SK*344272*UP*732336374509
PID*F****MANDEVILLA PROMO 1G
PO4**1*EA
PO1*0005*2*EA*8.5**VP*521435*SK*521435*UP*732336602558
PID*F****COLOR BOWL 14.5IN BO-OVAL
PO4**1*EA
PO1*0006*110*EA*1.78**VP*533223*SK*533223*UP*732336100009
PID*F****ANNUAL BEDDING JUMBO 6PK (1.1QT/1L)
PO4**8*EA
PO1*0008*4*EA*1.89**VP*535501*SK*535501*UP*732336287540
PID*F****STRAWBERRY JUMBO PK (1.1QT/1L)
PO4**1*EA
PO1*0010*3*EA*2.17**VP*607959*SK*607959*UP*732336352101
PID*F****PRIMULA 1G .0634G/2.4L)
PO4**1*EA
PO1*0011*1*EA*2.17**VP*608315*SK*608315*UP*732336351043
PID*F****KALE 1G (.0635G/2.4L)
PO4**1*EA
PO1*0012*3*EA*7.7**VP*611341*SK*611341*UP*732336601001
PID*F****ANNUAL COLOR BOWL 12IN(1.31G/4.95L)
PO4**1*EA
PO1*0013*1*EA*1.55**VP*611599*SK*611599*UP*732336452009
PID*F****GERANIUM IVY 4IN(1.2PT/574ML)
PO4**1*EA
PO1*0014*3*EA*2.45**VP*612568*SK*612568*UP*732336093004
PID*F****SUCCULENT QT (25.36FLOZ/750ML)
PO4**1*EA
PO1*0015*9*EA*7.65**VP*614519*SK*614519*UP*732336170002
PID*F****ANNUAL HALF FLATS ASST(1.1G/4L)
PO4**1*EA
PO1*0016*1*EA*12.5**VP*614623*SK*614623*UP*732336160003
PID*F****ANNUAL 49ER FLAT ASST(1.3G/4.9L)
PO4**1*EA
PO1*0017*2*EA*2.55**VP*616252*SK*616252*UP*732336372369
PID*F****NEMESIS PERENNIAL 1G (0.634/2.4L)
PO4**1*EA
PO1*0018*2*EA*2.55**VP*942381*SK*942381*UP*732336371102
PID*F****TUBEROUS BEGONIA 1G
PO4**1*EA
CTT*18*167
AMT*TT*520.17
SE*68*000080686
ST*850*000080687
BEG*00*CN*51010515**20091120*6651010515
CUR*BY*USD
DTM*038*20091121
N1*OB**92*6651
N3*44226 20TH ST WEST
N4*LANCASTER*CA*93534
REF*DP*028
REF*3J*0005
REF*MR*0000073179
REF*AGL*DTS STORE
PO1*0005*7*EA*1.89**VP*JP VEGGIE*SK*582185*UP*732336280008
PID*F****VEGETABLE JUMBO 6PLT/PK(1.1QT/1L)
PO4**1*EA
PO1*0004*6*EA*1.25**VP*REF 453129*SK*533411*UP*732336320001
PID*F****HERB 4 IN. (15 FL.OZ./42ML)
PO4**1*EA
PO1*0001*2*EA*1.04**VP*260878*SK*260878*UP*732336455000
PID*F****CHRYSANTHEMUM 4.5IN GARDEN MUM
PO4**16*EA
PO1*0002*16*EA*2.2**VP*322057*SK*322057*UP*732336350640
PID*F****CHRYSANTHEMUM 1G (0.634G (2.4L)
PO4**1*EA
PO1*0003*8*EA*1.78**VP*533223*SK*533223*UP*732336100009
PID*F****ANNUAL BEDDING JUMBO 6PK (1.1QT/1L)
PO4**8*EA
PO1*0006*2*EA*2.55**VP*601412*SK*601412*UP*732336370389
PID*F****EURYOPS 1G (.0634G/2.4L)
PO4**1*EA
PO1*0007*6*EA*2.17**VP*608315*SK*608315*UP*732336351043
PID*F****KALE 1G (.0635G/2.4L)
PO4**1*EA
PO1*0008*23*EA*2.17**VP*608647*SK*608647*UP*732336350787
PID*F****DIANTHUS 1G (.0634G/2.4L)
PO4**1*EA
PO1*0009*3*EA*10.75**VP*613605*SK*613605*UP*732336400109
PID*F****HB ANNUAL 10IN.
PO4**1*EA
PO1*0010*1*EA*12.5**VP*614623*SK*614623*UP*732336160003
PID*F****ANNUAL 49ER FLAT ASST(1.3G/4.9L)
PO4**1*EA
CTT*10*74
AMT*TT*269.78
SE*44*000080687
ST*850*000080688
BEG*00*CN*63075712**20091120*6663075712
CUR*BY*USD
DTM*038*20091121
N1*OB**92*6663
N3*3200 PUENTE AVENUE
N4*BALDWIN PARK*CA*91706
REF*DP*028
REF*3J*0005
REF*MR*0000073179
REF*AGL*DTS STORE
PO1*0002*2*EA*1.25**VP*REF 453129*SK*533411*UP*732336320001
PID*F****HERB 4 IN. (15 FL.OZ./42ML)
PO4**1*EA
PO1*0001*1*EA*4.7**VP*318543*SK*318543*UP*842276000779
PID*F****VIVA! SUNPATIENS 2.5QT S3
PO4**1*EA
CTT*2*3
AMT*TT*9.94
SE*20*000080688
ST*850*000080689
BEG*00*CN*81015193**20091120*6681015193
CUR*BY*USD
DTM*038*20091121
N1*OB**92*6681
N3*1701 EAST OCEAN AVENUE
N4*LOMPOC*CA*93436
REF*DP*028
REF*3J*0005
REF*MR*0000073179
REF*AGL*DTS STORE
PO1*0007*1*EA*1.89**VP*JP VEGGIE*SK*582185*UP*732336280008
PID*F****VEGETABLE JUMBO 6PLT/PK(1.1QT/1L)
PO4**1*EA
PO1*0006*17*EA*1.25**VP*REF 453129*SK*533411*UP*732336320001
PID*F****HERB 4 IN. (15 FL.OZ./42ML)
PO4**1*EA
PO1*0001*19*EA*2.58**VP*260429*SK*260429*UP*732336450500
PID*F****CYCLAMEN OUTDOOR 4IN
PO4**16*EA
PO1*0002*14*EA*1.04**VP*260878*SK*260878*UP*732336455000
PID*F****CHRYSANTHEMUM 4.5IN GARDEN MUM
PO4**16*EA
PO1*0003*3*EA*2.2**VP*322057*SK*322057*UP*732336350640
PID*F****CHRYSANTHEMUM 1G (0.634G (2.4L)
PO4**1*EA
PO1*0004*2*EA*8.5**VP*521435*SK*521435*UP*732336602558
PID*F****COLOR BOWL 14.5IN BO-OVAL
PO4**1*EA
PO1*0005*18*EA*1.78**VP*533223*SK*533223*UP*732336100009
PID*F****ANNUAL BEDDING JUMBO 6PK (1.1QT/1L)
PO4**8*EA
PO1*0008*3*EA*2.55**VP*601412*SK*601412*UP*732336370389
PID*F****EURYOPS 1G (.0634G/2.4L)
PO4**1*EA
PO1*0009*1*EA*2.17**VP*608647*SK*608647*UP*732336350787
PID*F****DIANTHUS 1G (.0634G/2.4L)
PO4**1*EA
PO1*0010*1*EA*9.4**VP*611441*SK*611441*UP*732336602503
PID*F****ANNUAL 14IN COLOR BOWL(2.08G/7.87L)
PO4**1*EA
PO1*0011*1*EA*2.45**VP*612568*SK*612568*UP*732336093004
PID*F****SUCCULENT QT (25.36FLOZ/750ML)
PO4**1*EA
PO1*0012*3*EA*7.65**VP*614519*SK*614519*UP*732336170002
PID*F****ANNUAL HALF FLATS ASST(1.1G/4L)
PO4**1*EA
CTT*12*83
AMT*TT*259.68
SE*50*000080689
ST*850*000080690
BEG*00*CN*83075540**20091120*6683075540
CUR*BY*USD
DTM*038*20091121
N1*OB**92*6683
N3*1451 W FOOTHILL BLVD
N4*RIALTO*CA*92376
REF*DP*028
REF*3J*0005
REF*MR*0000073179
REF*AGL*DTS STORE
PO1*0005*2*EA*1.25**VP*REF 453129*SK*533411*UP*732336320001
PID*F****HERB 4 IN. (15 FL.OZ./42ML)
PO4**1*EA
PO1*0001*4*EA*2.58**VP*260429*SK*260429*UP*732336450500
PID*F****CYCLAMEN OUTDOOR 4IN
PO4**16*EA
PO1*0002*2*EA*1.04**VP*260878*SK*260878*UP*732336455000
PID*F****CHRYSANTHEMUM 4.5IN GARDEN MUM
PO4**16*EA
PO1*0003*12*EA*2.2**VP*322057*SK*322057*UP*732336350640
PID*F****CHRYSANTHEMUM 1G (0.634G (2.4L)
PO4**1*EA
PO1*0004*15*EA*1.78**VP*533223*SK*533223*UP*732336100009
PID*F****ANNUAL BEDDING JUMBO 6PK (1.1QT/1L)
PO4**8*EA
PO1*0006*1*EA*1.89**VP*535501*SK*535501*UP*732336287540
PID*F****STRAWBERRY JUMBO PK (1.1QT/1L)
PO4**1*EA
PO1*0007*15*EA*2.17**VP*608647*SK*608647*UP*732336350787
PID*F****DIANTHUS 1G (.0634G/2.4L)
PO4**1*EA
PO1*0008*9*EA*2.25**VP*611024*SK*611024*UP*732336080004
PID*F****GRASS 1QT ASST(25.36FLOZ/750ML)
PO4**1*EA
PO1*0009*2*EA*1.9**VP*611248*SK*611248*UP*732336090003
PID*F****PERENNIAL 1QT (25.36FLOZ/750ML)
PO4**1*EA
PO1*0010*4*EA*1.55**VP*611599*SK*611599*UP*732336452009
PID*F****GERANIUM IVY 4IN(1.2PT/574ML)
PO4**1*EA
PO1*0011*2*EA*1.55**VP*611724*SK*611724*UP*732336451002
PID*F****GERANIUM ZONAL 4IN (1.2PT/574ML)
PO4**1*EA
PO1*0012*3*EA*2.49**VP*613218*SK*613218*UP*732336440006
PID*F****PERENNIAL WINNER GRANDE
PO4**1*EA
PO1*0013*10*EA*2.56**VP*614474*SK*614474*UP*732336096500
PID*F****ROSE MINI 1 QT(25.36FLOZ/750ML)
PO4**16*EA
PO1*0014*3*EA*12.5**VP*614623*SK*614623*UP*732336160003
PID*F****ANNUAL 49ER FLAT ASST(1.3G/4.9L)
PO4**1*EA
CTT*14*84
AMT*TT*307.31
SE*56*000080690
ST*850*000080691
BEG*00*CN*83060673**20091120*6883060673
CUR*BY*USD
DTM*038*20091121
N1*OB**92*6883
N3*38215 47TH ST EAST
N4*PALMDALE*CA*93552
REF*DP*028
REF*3J*0005
REF*MR*0000073179
REF*AGL*DTS STORE
PO1*0001*11*EA*2.58**VP*260429*SK*260429*UP*732336450500
PID*F****CYCLAMEN OUTDOOR 4IN
PO4**16*EA
PO1*0002*5*EA*1.78**VP*533223*SK*533223*UP*732336100009
PID*F****ANNUAL BEDDING JUMBO 6PK (1.1QT/1L)
PO4**8*EA
PO1*0003*1*EA*1.01**VP*612391*SK*612391*UP*732336203007
PID*F****PRIMULA PRIMROSE 4IN (1.52PT/720ML)
PO4**1*EA
CTT*3*17
AMT*TT*54.91
SE*23*000080691
ST*850*000080692
BEG*00*CN*60037732**20091120*6960037732
CUR*BY*USD
DTM*038*20091121
N1*OB**92*6960
N3*16005 SIERRA LAKES PKWY
N4*FONTANA*CA*92336
REF*DP*028
REF*3J*0005
REF*MR*0000073179
REF*AGL*DTS STORE
PO1*0005*8*EA*1.25**VP*REF 453129*SK*533411*UP*732336320001
PID*F****HERB 4 IN. (15 FL.OZ./42ML)
PO4**1*EA
PO1*0001*7*EA*2.58**VP*260429*SK*260429*UP*732336450500
PID*F****CYCLAMEN OUTDOOR 4IN
PO4**16*EA
PO1*0002*1*EA*1.04**VP*260878*SK*260878*UP*732336455000
PID*F****CHRYSANTHEMUM 4.5IN GARDEN MUM
PO4**16*EA
PO1*0003*5*EA*5.1**VP*322254*SK*322254*UP*732336490506
PID*F****CYCLAMEN 6IN 1.4 QT (1.32L)
PO4**1*EA
PO1*0004*7*EA*1.78**VP*533223*SK*533223*UP*732336100009
PID*F****ANNUAL BEDDING JUMBO 6PK (1.1QT/1L)
PO4**8*EA
PO1*0006*1*EA*4.2**VP*582756*SK*582756*UP*732336371027
PID*F****LILIUM ASIATIC LILY 1G (.0634G/2.4L)
PO4**1*EA
PO1*0007*4*EA*2.55**VP*601412*SK*601412*UP*732336370389
PID*F****EURYOPS 1G (.0634G/2.4L)
PO4**1*EA
PO1*0008*4*EA*2.17**VP*607156*SK*607156*UP*732336352859
PID*F****ANNUAL STOCK 1G (.0634G/2.4L)
PO4**1*EA
PO1*0009*1*EA*.85**VP*615950*SK*615950*UP*732336200006
PID*F****ANNUAL BEDDING 4IN(1.52PT/720ML)
PO4**1*EA
PO1*0010*1*EA*7.41**VP*888513*SK*888513*UP*732336401069
PID*F****HB ASPARAGUS SPRGI 10IN
PO4**1*EA
CTT*10*39
AMT*TT*134.43
SE*44*000080692
ST*850*000080693
BEG*00*CN*26007936**20091120*8526007936
CUR*BY*USD
DTM*038*20091121
N1*OB**92*8526
N3*5200 E RAMON RD, BLDG A
N4*PALM SPRINGS*CA*92264
REF*DP*028
REF*3J*0005
REF*MR*0000073179
REF*AGL*DTS STORE
PO1*0009*12*EA*1.89**VP*JP VEGGIE*SK*582185*UP*732336280008
PID*F****VEGETABLE JUMBO 6PLT/PK(1.1QT/1L)
PO4**1*EA
PO1*0006*65*EA*1.25**VP*REF 453129*SK*533411*UP*732336320001
PID*F****HERB 4 IN. (15 FL.OZ./42ML)
PO4**1*EA
PO1*0001*69*EA*2.58**VP*260429*SK*260429*UP*732336450500
PID*F****CYCLAMEN OUTDOOR 4IN
PO4**16*EA
PO1*0002*8*EA*5.1**VP*322254*SK*322254*UP*732336490506
PID*F****CYCLAMEN 6IN 1.4 QT (1.32L)
PO4**1*EA
PO1*0003*5*EA*2.25**VP*438771*SK*438771*UP*732336370464
PID*F****LANTANA 1G
PO4**1*EA
PO1*0004*2*EA*2.1**VP*453945*SK*453945*UP*048834511170
PID*F****VIGORO SELECT CA QT ANNUAL
PO4**1*EA
PO1*0005*157*EA*1.78**VP*533223*SK*533223*UP*732336100009
PID*F****ANNUAL BEDDING JUMBO 6PK (1.1QT/1L)
PO4**8*EA
PO1*0007*2*EA*1.89**VP*535501*SK*535501*UP*732336287540
PID*F****STRAWBERRY JUMBO PK (1.1QT/1L)
PO4**1*EA
PO1*0008*3*EA*2.55**VP*551898*SK*551898*UP*732336373281
PID*F****SALVIA LEUCANTHA 1G
PO4**1*EA
PO1*0010*2*EA*2.55**VP*601412*SK*601412*UP*732336370389
PID*F****EURYOPS 1G (.0634G/2.4L)
PO4**1*EA
PO1*0011*2*EA*2.17**VP*606928*SK*606928*UP*732336352026
PID*F****PAPAVER ICELAND POPPY 1G(.0634G/2.4L
PO4**1*EA
PO1*0012*4*EA*2.17**VP*607156*SK*607156*UP*732336352859
PID*F****ANNUAL STOCK 1G (.0634G/2.4L)
PO4**1*EA
PO1*0013*4*EA*2.17**VP*607895*SK*607895*UP*732336352651
PID*F****SNAPDRAGON 1G (.0634G/2.4L)
PO4**1*EA
PO1*0014*6*EA*2.17**VP*608315*SK*608315*UP*732336351043
PID*F****KALE 1G (.0635G/2.4L)
PO4**1*EA
PO1*0015*1*EA*3.1**VP*610961*SK*610961*UP*732336376008
PID*F****GERBERA DAISY 1G(.0634G/2.4L)
PO4**1*EA
PO1*0016*3*EA*9.4**VP*611441*SK*611441*UP*732336602503
PID*F****ANNUAL 14IN COLOR BOWL(2.08G/7.87L)
PO4**1*EA
PO1*0017*87*EA*1.55**VP*611724*SK*611724*UP*732336451002
PID*F****GERANIUM ZONAL 4IN (1.2PT/574ML)
PO4**1*EA
PO1*0018*7*EA*2.45**VP*612568*SK*612568*UP*732336093004
PID*F****SUCCULENT QT (25.36FLOZ/750ML)
PO4**1*EA
PO1*0019*6*EA*11.5**VP*614317*SK*614317*UP*732336590008
PID*F****ANNUAL 10IN REDWOOD TUB(2.9G/11.1L)
PO4**1*EA
PO1*0020*2*EA*2.56**VP*614474*SK*614474*UP*732336096500
PID*F****ROSE MINI 1 QT(25.36FLOZ/750ML)
PO4**16*EA
PO1*0021*14*EA*7.65**VP*614519*SK*614519*UP*732336170002
PID*F****ANNUAL HALF FLATS ASST(1.1G/4L)
PO4**1*EA
PO1*0022*3*EA*12.5**VP*614623*SK*614623*UP*732336160003
PID*F****ANNUAL 49ER FLAT ASST(1.3G/4.9L)
PO4**1*EA
PO1*0023*3*EA*6.55**VP*616550*SK*616550*UP*732336437563
PID*F****TOMATO 3G W/CAGE (0.634G/2.4L)
PO4**1*EA
CTT*23*467
AMT*TT*1468.43
SE*83*000080693
ST*850*000080694
BEG*00*CN*87064682**20091120*8987064682
CUR*BY*USD
DTM*038*20091121
N1*OB**92*8987
N3*1480 EAST 2ND STREET
N4*BEAUMONT*CA*92223
REF*DP*028
REF*3J*0005
REF*MR*0000073179
REF*AGL*DTS STORE
PO1*0007*4*EA*1.89**VP*JP VEGGIE*SK*582185*UP*732336280008
PID*F****VEGETABLE JUMBO 6PLT/PK(1.1QT/1L)
PO4**1*EA
PO1*0006*10*EA*1.25**VP*REF 453129*SK*533411*UP*732336320001
PID*F****HERB 4 IN. (15 FL.OZ./42ML)
PO4**1*EA
PO1*0005*7*EA*.87**VP*REF 711-934*SK*533339*UP*732336250001
PID*F****VEGETABLE 4 IN.(1.52PT/720ML)
PO4**1*EA
PO1*0001*40*EA*2.58**VP*260429*SK*260429*UP*732336450500
PID*F****CYCLAMEN OUTDOOR 4IN
PO4**16*EA
PO1*0002*7*EA*1.04**VP*260878*SK*260878*UP*732336455000
PID*F****CHRYSANTHEMUM 4.5IN GARDEN MUM
PO4**16*EA
PO1*0003*3*EA*5.1**VP*322254*SK*322254*UP*732336490506
PID*F****CYCLAMEN 6IN 1.4 QT (1.32L)
PO4**1*EA
PO1*0004*104*EA*1.78**VP*533223*SK*533223*UP*732336100009
PID*F****ANNUAL BEDDING JUMBO 6PK (1.1QT/1L)
PO4**8*EA
PO1*0008*1*EA*2.75**VP*594300*SK*594300*UP*732336370426
PID*F****LAVANDULA LAVENDER 1G(.0634G/2.4L)
PO4**1*EA
PO1*0009*1*EA*2.55**VP*599968*SK*599968*UP*732336370402
PID*F****FELICIA BLUE MARGUERITE(.0634/2.4L)
PO4**1*EA
PO1*0010*1*EA*2.55**VP*601412*SK*601412*UP*732336370389
PID*F****EURYOPS 1G (.0634G/2.4L)
PO4**1*EA
PO1*0011*1*EA*2.55**VP*604438*SK*604438*UP*732336370273
PID*F****CUPHEA 1G (.0634/2.4L)
PO4**1*EA
PO1*0012*3*EA*2.17**VP*607895*SK*607895*UP*732336352651
PID*F****SNAPDRAGON 1G (.0634G/2.4L)
PO4**1*EA
PO1*0013*8*EA*1.55**VP*611599*SK*611599*UP*732336452009
PID*F****GERANIUM IVY 4IN(1.2PT/574ML)
PO4**1*EA
PO1*0014*2*EA*1.55**VP*611724*SK*611724*UP*732336451002
PID*F****GERANIUM ZONAL 4IN (1.2PT/574ML)
PO4**1*EA
PO1*0015*1*EA*2.45**VP*612568*SK*612568*UP*732336093004
PID*F****SUCCULENT QT (25.36FLOZ/750ML)
PO4**1*EA
PO1*0016*4*EA*2.56**VP*614474*SK*614474*UP*732336096500
PID*F****ROSE MINI 1 QT(25.36FLOZ/750ML)
PO4**16*EA
PO1*0017*1*EA*7.65**VP*614519*SK*614519*UP*732336170002
PID*F****ANNUAL HALF FLATS ASST(1.1G/4L)
PO4**1*EA
PO1*0018*1*EA*10.75**VP*618112*SK*618112*UP*732336480019
PID*F****PERENNIAL CACHE/SAND(1.92G/7.26L)
PO4**1*EA
PO1*0019*1*EA*2.55**VP*942381*SK*942381*UP*732336371102
PID*F****TUBEROUS BEGONIA 1G
PO4**1*EA
CTT*19*200
AMT*TT*535.7
SE*71*000080694
GE*24*9631
IEA*1*000011216
ISA*00*          *00*          *14*0722717110100  *01*148468275      *091120*0356*|*00406*000011217*0*P*>
GS*PO*072271711*148468275*20091120*0356*9632*X*004060
ST*850*000080695
BEG*00*CN*11025864**20091120*0611025864
CUR*BY*USD
DTM*038*20091121
N1*OB**92*0611
N3*740 182ND STREET
N4*GARDENA*CA*90248
REF*DP*028
REF*3J*0005
REF*MR*0000073179
REF*AGL*DTS STORE
PO1*0001*1*EA*2.58**VP*260429*SK*260429*UP*732336450500
PID*F****CYCLAMEN OUTDOOR 4IN
PO4**16*EA
CTT*1*1
AMT*TT*3.97
SE*17*000080695
ST*850*000080696
BEG*00*CN*45082047**20091120*0645082047
CUR*BY*USD
DTM*038*20091121
N1*OB**92*0645
N3*11884 FOOTHILL BLVD
N4*RANCHO CUCAMONGA*CA*91730
REF*DP*028
REF*3J*0005
REF*MR*0000073179
REF*AGL*DTS STORE
PO1*0009*2*EA*1.89**VP*JP VEGGIE*SK*582185*UP*732336280008
PID*F****VEGETABLE JUMBO 6PLT/PK(1.1QT/1L)
PO4**1*EA
PO1*0007*7*EA*1.25**VP*REF 453129*SK*533411*UP*732336320001
PID*F****HERB 4 IN. (15 FL.OZ./42ML)
PO4**1*EA
PO1*0001*26*EA*2.58**VP*260429*SK*260429*UP*732336450500
PID*F****CYCLAMEN OUTDOOR 4IN
PO4**16*EA
PO1*0002*3*EA*1.04**VP*260878*SK*260878*UP*732336455000
PID*F****CHRYSANTHEMUM 4.5IN GARDEN MUM
PO4**16*EA
PO1*0003*3*EA*2.2**VP*322057*SK*322057*UP*732336350640
PID*F****CHRYSANTHEMUM 1G (0.634G (2.4L)
PO4**1*EA
PO1*0004*7*EA*5.1**VP*322254*SK*322254*UP*732336490506
PID*F****CYCLAMEN 6IN 1.4 QT (1.32L)
PO4**1*EA
PO1*0005*3*EA*8.5**VP*521435*SK*521435*UP*732336602558
PID*F****COLOR BOWL 14.5IN BO-OVAL
PO4**1*EA
PO1*0006*71*EA*1.78**VP*533223*SK*533223*UP*732336100009
PID*F****ANNUAL BEDDING JUMBO 6PK (1.1QT/1L)
PO4**8*EA
PO1*0008*2*EA*2.55**VP*553036*SK*553036*UP*732336372482
PID*F****ORNAMENTAL PEPPER 1G
PO4**1*EA
PO1*0010*2*EA*4.2**VP*582756*SK*582756*UP*732336371027
PID*F****LILIUM ASIATIC LILY 1G (.0634G/2.4L)
PO4**1*EA
PO1*0011*7*EA*2.17**VP*607156*SK*607156*UP*732336352859
PID*F****ANNUAL STOCK 1G (.0634G/2.4L)
PO4**1*EA
PO1*0012*5*EA*2.17**VP*607895*SK*607895*UP*732336352651
PID*F****SNAPDRAGON 1G (.0634G/2.4L)
PO4**1*EA
PO1*0013*2*EA*2.17**VP*608431*SK*608431*UP*732336351357
PID*F****PANSY 1G (.0634G/2.4L)
PO4**1*EA
PO1*0014*1*EA*1.55**VP*611599*SK*611599*UP*732336452009
PID*F****GERANIUM IVY 4IN(1.2PT/574ML)
PO4**1*EA
PO1*0015*4*EA*1.01**VP*612391*SK*612391*UP*732336203007
PID*F****PRIMULA PRIMROSE 4IN (1.52PT/720ML)
PO4**1*EA
PO1*0016*16*EA*2.49**VP*613218*SK*613218*UP*732336440006
PID*F****PERENNIAL WINNER GRANDE
PO4**1*EA
PO1*0017*2*EA*7.65**VP*614519*SK*614519*UP*732336170002
PID*F****ANNUAL HALF FLATS ASST(1.1G/4L)
PO4**1*EA
PO1*0018*2*EA*12.5**VP*614623*SK*614623*UP*732336160003
PID*F****ANNUAL 49ER FLAT ASST(1.3G/4.9L)
PO4**1*EA
PO1*0019*2*EA*2.55**VP*616252*SK*616252*UP*732336372369
PID*F****NEMESIS PERENNIAL 1G (0.634/2.4L)
PO4**1*EA
PO1*0020*4*EA*2.55**VP*617732*SK*617732*UP*732336370501
PID*F****MUM MARGUERITE DAISY 1G(.0634/2.4L)
PO4**1*EA
PO1*0021*1*EA*10.75**VP*618112*SK*618112*UP*732336480019
PID*F****PERENNIAL CACHE/SAND(1.92G/7.26L)
PO4**1*EA
CTT*21*172
AMT*TT*593.04
SE*77*000080696
ST*850*000080697
BEG*00*CN*53062816**20091120*0653062816
CUR*BY*USD
DTM*038*20091121
N1*OB**92*0653
N3*20642 GOLDEN TRIANGLE RD
N4*SANTA CLARITA*CA*91350
REF*DP*028
REF*3J*0005
REF*MR*0000073179
REF*AGL*DTS STORE
PO1*0007*3*EA*1.89**VP*JP VEGGIE*SK*582185*UP*732336280008
PID*F****VEGETABLE JUMBO 6PLT/PK(1.1QT/1L)
PO4**1*EA
PO1*0006*4*EA*1.25**VP*REF 453129*SK*533411*UP*732336320001
PID*F****HERB 4 IN. (15 FL.OZ./42ML)
PO4**1*EA
PO1*0001*23*EA*2.58**VP*260429*SK*260429*UP*732336450500
PID*F****CYCLAMEN OUTDOOR 4IN
PO4**16*EA
PO1*0002*7*EA*1.04**VP*260878*SK*260878*UP*732336455000
PID*F****CHRYSANTHEMUM 4.5IN GARDEN MUM
PO4**16*EA
PO1*0003*2*EA*5.1**VP*322254*SK*322254*UP*732336490506
PID*F****CYCLAMEN 6IN 1.4 QT (1.32L)
PO4**1*EA
PO1*0004*2*EA*2.2**VP*418927*SK*418927*UP*732336338006
PID*F****HERB RICE POT QT
PO4**16*EA
PO1*0005*13*EA*1.78**VP*533223*SK*533223*UP*732336100009
PID*F****ANNUAL BEDDING JUMBO 6PK (1.1QT/1L)
PO4**8*EA
PO1*0008*2*EA*4.2**VP*582756*SK*582756*UP*732336371027
PID*F****LILIUM ASIATIC LILY 1G (.0634G/2.4L)
PO4**1*EA
PO1*0009*2*EA*2.17**VP*607156*SK*607156*UP*732336352859
PID*F****ANNUAL STOCK 1G (.0634G/2.4L)
PO4**1*EA
PO1*0010*4*EA*2.17**VP*607895*SK*607895*UP*732336352651
PID*F****SNAPDRAGON 1G (.0634G/2.4L)
PO4**1*EA
PO1*0011*1*EA*2.25**VP*611024*SK*611024*UP*732336080004
PID*F****GRASS 1QT ASST(25.36FLOZ/750ML)
PO4**1*EA
PO1*0012*1*EA*9.4**VP*611441*SK*611441*UP*732336602503
PID*F****ANNUAL 14IN COLOR BOWL(2.08G/7.87L)
PO4**1*EA
PO1*0013*3*EA*1.55**VP*611599*SK*611599*UP*732336452009
PID*F****GERANIUM IVY 4IN(1.2PT/574ML)
PO4**1*EA
PO1*0014*1*EA*1.01**VP*612391*SK*612391*UP*732336203007
PID*F****PRIMULA PRIMROSE 4IN (1.52PT/720ML)
PO4**1*EA
PO1*0015*3*EA*2.49**VP*613218*SK*613218*UP*732336440006
PID*F****PERENNIAL WINNER GRANDE
PO4**1*EA
PO1*0016*1*EA*2.56**VP*614474*SK*614474*UP*732336096500
PID*F****ROSE MINI 1 QT(25.36FLOZ/750ML)
PO4**16*EA
PO1*0017*9*EA*.85**VP*615950*SK*615950*UP*732336200006
PID*F****ANNUAL BEDDING 4IN(1.52PT/720ML)
PO4**1*EA
CTT*17*81
AMT*TT*248.71
SE*65*000080697
ST*850*000080698
BEG*00*CN*65012540**20091120*0665012540
CUR*BY*USD
DTM*038*20091121
N1*OB**92*0665
N3*15150 BEAR VALLEY RD
N4*VICTORVILLE*CA*92392
REF*DP*028
REF*3J*0005
REF*MR*0000073179
REF*AGL*DTS STORE
PO1*0001*2*EA*2.58**VP*260429*SK*260429*UP*732336450500
PID*F****CYCLAMEN OUTDOOR 4IN
PO4**16*EA
PO1*0002*3*EA*1.04**VP*260878*SK*260878*UP*732336455000
PID*F****CHRYSANTHEMUM 4.5IN GARDEN MUM
PO4**16*EA
PO1*0003*1*EA*2.2**VP*322057*SK*322057*UP*732336350640
PID*F****CHRYSANTHEMUM 1G (0.634G (2.4L)
PO4**1*EA
PO1*0004*13*EA*1.78**VP*533223*SK*533223*UP*732336100009
PID*F****ANNUAL BEDDING JUMBO 6PK (1.1QT/1L)
PO4**8*EA
PO1*0005*1*EA*2.17**VP*608647*SK*608647*UP*732336350787
PID*F****DIANTHUS 1G (.0634G/2.4L)
PO4**1*EA
PO1*0006*2*EA*1.01**VP*612391*SK*612391*UP*732336203007
PID*F****PRIMULA PRIMROSE 4IN (1.52PT/720ML)
PO4**1*EA
CTT*6*22
AMT*TT*47.2
SE*32*000080698
ST*850*000080699
BEG*00*CN*13013499**20091120*1013013499
CUR*BY*USD
DTM*038*20091121
N1*OB**92*1013
N3*1151 W LUGONIA AVE
N4*REDLANDS*CA*92374
REF*DP*028
REF*3J*0005
REF*MR*0000073179
REF*AGL*DTS STORE
PO1*0008*12*EA*1.89**VP*JP VEGGIE*SK*582185*UP*732336280008
PID*F****VEGETABLE JUMBO 6PLT/PK(1.1QT/1L)
PO4**1*EA
PO1*0006*5*EA*1.25**VP*REF 453129*SK*533411*UP*732336320001
PID*F****HERB 4 IN. (15 FL.OZ./42ML)
PO4**1*EA
PO1*0001*174*EA*2.58**VP*260429*SK*260429*UP*732336450500
PID*F****CYCLAMEN OUTDOOR 4IN
PO4**16*EA
PO1*0002*21*EA*1.04**VP*260878*SK*260878*UP*732336455000
PID*F****CHRYSANTHEMUM 4.5IN GARDEN MUM
PO4**16*EA
PO1*0003*6*EA*5.1**VP*322254*SK*322254*UP*732336490506
PID*F****CYCLAMEN 6IN 1.4 QT (1.32L)
PO4**1*EA
PO1*0004*2*EA*2.1**VP*453945*SK*453945*UP*048834511170
PID*F****VIGORO SELECT CA QT ANNUAL
PO4**1*EA
PO1*0005*129*EA*1.78**VP*533223*SK*533223*UP*732336100009
PID*F****ANNUAL BEDDING JUMBO 6PK (1.1QT/1L)
PO4**8*EA
PO1*0007*3*EA*1.89**VP*535501*SK*535501*UP*732336287540
PID*F****STRAWBERRY JUMBO PK (1.1QT/1L)
PO4**1*EA
PO1*0009*2*EA*4.2**VP*582756*SK*582756*UP*732336371027
PID*F****LILIUM ASIATIC LILY 1G (.0634G/2.4L)
PO4**1*EA
PO1*0010*10*EA*2.55**VP*605647*SK*605647*UP*732336360106
PID*F****BACOPA SNOWFLAKE 1G(.0635/2.4L)
PO4**1*EA
PO1*0011*4*EA*2.17**VP*607156*SK*607156*UP*732336352859
PID*F****ANNUAL STOCK 1G (.0634G/2.4L)
PO4**1*EA
PO1*0012*5*EA*2.17**VP*607895*SK*607895*UP*732336352651
PID*F****SNAPDRAGON 1G (.0634G/2.4L)
PO4**1*EA
PO1*0013*1*EA*2.17**VP*608315*SK*608315*UP*732336351043
PID*F****KALE 1G (.0635G/2.4L)
PO4**1*EA
PO1*0014*2*EA*2.17**VP*608431*SK*608431*UP*732336351357
PID*F****PANSY 1G (.0634G/2.4L)
PO4**1*EA
PO1*0015*1*EA*2.17**VP*608647*SK*608647*UP*732336350787
PID*F****DIANTHUS 1G (.0634G/2.4L)
PO4**1*EA
PO1*0016*1*EA*3.1**VP*610961*SK*610961*UP*732336376008
PID*F****GERBERA DAISY 1G(.0634G/2.4L)
PO4**1*EA
PO1*0017*2*EA*1.9**VP*611248*SK*611248*UP*732336090003
PID*F****PERENNIAL 1QT (25.36FLOZ/750ML)
PO4**1*EA
PO1*0018*1*EA*9.4**VP*611441*SK*611441*UP*732336602503
PID*F****ANNUAL 14IN COLOR BOWL(2.08G/7.87L)
PO4**1*EA
PO1*0019*52*EA*1.55**VP*611724*SK*611724*UP*732336451002
PID*F****GERANIUM ZONAL 4IN (1.2PT/574ML)
PO4**1*EA
PO1*0020*12*EA*1.01**VP*612391*SK*612391*UP*732336203007
PID*F****PRIMULA PRIMROSE 4IN (1.52PT/720ML)
PO4**1*EA
PO1*0021*8*EA*2.49**VP*613218*SK*613218*UP*732336440006
PID*F****PERENNIAL WINNER GRANDE
PO4**1*EA
PO1*0022*8*EA*2.56**VP*614474*SK*614474*UP*732336096500
PID*F****ROSE MINI 1 QT(25.36FLOZ/750ML)
PO4**16*EA
PO1*0023*3*EA*11.25**VP*614513*SK*614513*UP*732336190000
PID*F****ANNUAL PRO 18 PAK (2.02G/7.66L)
PO4**1*EA
PO1*0024*15*EA*7.65**VP*614519*SK*614519*UP*732336170002
PID*F****ANNUAL HALF FLATS ASST(1.1G/4L)
PO4**1*EA
PO1*0025*7*EA*12.5**VP*614623*SK*614623*UP*732336160003
PID*F****ANNUAL 49ER FLAT ASST(1.3G/4.9L)
PO4**1*EA
PO1*0026*60*EA*.85**VP*615950*SK*615950*UP*732336200006
PID*F****ANNUAL BEDDING 4IN(1.52PT/720ML)
PO4**1*EA
PO1*0027*5*EA*2.55**VP*616252*SK*616252*UP*732336372369
PID*F****NEMESIS PERENNIAL 1G (0.634/2.4L)
PO4**1*EA
PO1*0028*1*EA*2.55**VP*617732*SK*617732*UP*732336370501
PID*F****MUM MARGUERITE DAISY 1G(.0634/2.4L)
PO4**1*EA
CTT*28*552
AMT*TT*1777.02
SE*98*000080699
ST*850*000080700
BEG*00*CN*44055597**20091120*1844055597
CUR*BY*USD
DTM*038*20091121
N1*OB**92*1844
N3*15655 ROY ROGER DRIVE
N4*VICTORVILLE*CA*92394
REF*DP*028
REF*3J*0005
REF*MR*0000073179
REF*AGL*DTS STORE
PO1*0004*4*EA*1.89**VP*JP VEGGIE*SK*582185*UP*732336280008
PID*F****VEGETABLE JUMBO 6PLT/PK(1.1QT/1L)
PO4**1*EA
PO1*0001*3*EA*2.58**VP*260429*SK*260429*UP*732336450500
PID*F****CYCLAMEN OUTDOOR 4IN
PO4**16*EA
PO1*0002*23*EA*1.78**VP*533223*SK*533223*UP*732336100009
PID*F****ANNUAL BEDDING JUMBO 6PK (1.1QT/1L)
PO4**8*EA
PO1*0003*2*EA*1.89**VP*535501*SK*535501*UP*732336287540
PID*F****STRAWBERRY JUMBO PK (1.1QT/1L)
PO4**1*EA
PO1*0005*2*EA*2.17**VP*608647*SK*608647*UP*732336350787
PID*F****DIANTHUS 1G (.0634G/2.4L)
PO4**1*EA
CTT*5*34
AMT*TT*79.68
SE*29*000080700
ST*850*000080701
BEG*00*CN*57015396**20091120*1857015396
CUR*BY*USD
DTM*038*20091121
N1*OB**92*1857
N3*16783 SANTA ANA AVE
N4*FONTANA*CA*92337
REF*DP*028
REF*3J*0005
REF*MR*0000073179
REF*AGL*DTS STORE
PO1*0007*1*EA*1.89**VP*JP VEGGIE*SK*582185*UP*732336280008
PID*F****VEGETABLE JUMBO 6PLT/PK(1.1QT/1L)
PO4**1*EA
PO1*0006*1*EA*1.25**VP*REF 453129*SK*533411*UP*732336320001
PID*F****HERB 4 IN. (15 FL.OZ./42ML)
PO4**1*EA
PO1*0005*1*EA*.87**VP*REF 711-934*SK*533339*UP*732336250001
PID*F****VEGETABLE 4 IN.(1.52PT/720ML)
PO4**1*EA
PO1*0001*12*EA*2.58**VP*260429*SK*260429*UP*732336450500
PID*F****CYCLAMEN OUTDOOR 4IN
PO4**16*EA
PO1*0002*1*EA*1.04**VP*260878*SK*260878*UP*732336455000
PID*F****CHRYSANTHEMUM 4.5IN GARDEN MUM
PO4**16*EA
PO1*0003*1*EA*2.2**VP*322057*SK*322057*UP*732336350640
PID*F****CHRYSANTHEMUM 1G (0.634G (2.4L)
PO4**1*EA
PO1*0004*36*EA*1.78**VP*533223*SK*533223*UP*732336100009
PID*F****ANNUAL BEDDING JUMBO 6PK (1.1QT/1L)
PO4**8*EA
PO1*0008*2*EA*2.55**VP*601412*SK*601412*UP*732336370389
PID*F****EURYOPS 1G (.0634G/2.4L)
PO4**1*EA
PO1*0009*5*EA*2.55**VP*605647*SK*605647*UP*732336360106
PID*F****BACOPA SNOWFLAKE 1G(.0635/2.4L)
PO4**1*EA
PO1*0010*2*EA*2.17**VP*607156*SK*607156*UP*732336352859
PID*F****ANNUAL STOCK 1G (.0634G/2.4L)
PO4**1*EA
PO1*0011*1*EA*2.17**VP*608315*SK*608315*UP*732336351043
PID*F****KALE 1G (.0635G/2.4L)
PO4**1*EA
PO1*0012*1*EA*2.17**VP*608431*SK*608431*UP*732336351357
PID*F****PANSY 1G (.0634G/2.4L)
PO4**1*EA
PO1*0013*1*EA*7.65**VP*614519*SK*614519*UP*732336170002
PID*F****ANNUAL HALF FLATS ASST(1.1G/4L)
PO4**1*EA
PO1*0014*3*EA*.85**VP*615950*SK*615950*UP*732336200006
PID*F****ANNUAL BEDDING 4IN(1.52PT/720ML)
PO4**1*EA
PO1*0015*4*EA*2.55**VP*616252*SK*616252*UP*732336372369
PID*F****NEMESIS PERENNIAL 1G (0.634/2.4L)
PO4**1*EA
PO1*0016*1*EA*7.41**VP*888513*SK*888513*UP*732336401069
PID*F****HB ASPARAGUS SPRGI 10IN
PO4**1*EA
CTT*16*73
AMT*TT*216.51
SE*62*000080701
ST*850*000080702
BEG*00*CN*17018814**20091120*6617018814
CUR*BY*USD
DTM*038*20091121
N1*OB**92*6617
N3*1305 S LONE HILL AVENUE
N4*GLENDORA*CA*91740
REF*DP*028
REF*3J*0005
REF*MR*0000073179
REF*AGL*DTS STORE
PO1*0004*4*EA*1.89**VP*JP VEGGIE*SK*582185*UP*732336280008
PID*F****VEGETABLE JUMBO 6PLT/PK(1.1QT/1L)
PO4**1*EA
PO1*0002*5*EA*1.25**VP*REF 453129*SK*533411*UP*732336320001
PID*F****HERB 4 IN. (15 FL.OZ./42ML)
PO4**1*EA
PO1*0001*5*EA*2.2**VP*418927*SK*418927*UP*732336338006
PID*F****HERB RICE POT QT
PO4**16*EA
PO1*0003*2*EA*1.89**VP*535501*SK*535501*UP*732336287540
PID*F****STRAWBERRY JUMBO PK (1.1QT/1L)
PO4**1*EA
PO1*0005*3*EA*2.45**VP*612568*SK*612568*UP*732336093004
PID*F****SUCCULENT QT (25.36FLOZ/750ML)
PO4**1*EA
PO1*0006*7*EA*2.56**VP*614474*SK*614474*UP*732336096500
PID*F****ROSE MINI 1 QT(25.36FLOZ/750ML)
PO4**16*EA
CTT*6*26
AMT*TT*79.76
SE*32*000080702
ST*850*000080703
BEG*00*CN*62056785**20091120*6662056785
CUR*BY*USD
DTM*038*20091121
N1*OB**92*6662
N3*2745 TELLER RD
N4*THOUSAND OAKS*CA*91320
REF*DP*028
REF*3J*0005
REF*MR*0000073179
REF*AGL*DTS STORE
PO1*0009*13*EA*1.89**VP*JP VEGGIE*SK*582185*UP*732336280008
PID*F****VEGETABLE JUMBO 6PLT/PK(1.1QT/1L)
PO4**1*EA
PO1*0008*7*EA*1.25**VP*REF 453129*SK*533411*UP*732336320001
PID*F****HERB 4 IN. (15 FL.OZ./42ML)
PO4**1*EA
PO1*0001*268*EA*2.58**VP*260429*SK*260429*UP*732336450500
PID*F****CYCLAMEN OUTDOOR 4IN
PO4**16*EA
PO1*0002*5*EA*1.04**VP*260878*SK*260878*UP*732336455000
PID*F****CHRYSANTHEMUM 4.5IN GARDEN MUM
PO4**16*EA
PO1*0003*20*EA*5.1**VP*322254*SK*322254*UP*732336490506
PID*F****CYCLAMEN 6IN 1.4 QT (1.32L)
PO4**1*EA
PO1*0004*2*EA*2.2**VP*418927*SK*418927*UP*732336338006
PID*F****HERB RICE POT QT
PO4**16*EA
PO1*0005*6*EA*2.25**VP*438771*SK*438771*UP*732336370464
PID*F****LANTANA 1G
PO4**1*EA
PO1*0006*1*EA*8.5**VP*521435*SK*521435*UP*732336602558
PID*F****COLOR BOWL 14.5IN BO-OVAL
PO4**1*EA
PO1*0007*341*EA*1.78**VP*533223*SK*533223*UP*732336100009
PID*F****ANNUAL BEDDING JUMBO 6PK (1.1QT/1L)
PO4**8*EA
PO1*0010*8*EA*2.55**VP*590830*SK*590830*UP*732336371072
PID*F****OSTEOSPERMUN 1G(.0634G/2.4L)
PO4**1*EA
PO1*0011*4*EA*2.55**VP*599968*SK*599968*UP*732336370402
PID*F****FELICIA BLUE MARGUERITE(.0634/2.4L)
PO4**1*EA
PO1*0012*18*EA*2.17**VP*607156*SK*607156*UP*732336352859
PID*F****ANNUAL STOCK 1G (.0634G/2.4L)
PO4**1*EA
PO1*0013*4*EA*2.17**VP*607895*SK*607895*UP*732336352651
PID*F****SNAPDRAGON 1G (.0634G/2.4L)
PO4**1*EA
PO1*0014*1*EA*2.17**VP*608315*SK*608315*UP*732336351043
PID*F****KALE 1G (.0635G/2.4L)
PO4**1*EA
PO1*0015*2*EA*2.17**VP*608596*SK*608596*UP*732336350909
PID*F****IMPATIEN 1G (.06354G/2.4L)
PO4**1*EA
PO1*0016*8*EA*2.17**VP*608647*SK*608647*UP*732336350787
PID*F****DIANTHUS 1G (.0634G/2.4L)
PO4**1*EA
PO1*0017*5*EA*2.17**VP*608662*SK*608662*UP*732336350732
PID*F****COLEUS 1G (.0634G/2.4L)
PO4**1*EA
PO1*0018*2*EA*3.1**VP*610961*SK*610961*UP*732336376008
PID*F****GERBERA DAISY 1G(.0634G/2.4L)
PO4**1*EA
PO1*0019*10*EA*1.9**VP*611248*SK*611248*UP*732336090003
PID*F****PERENNIAL 1QT (25.36FLOZ/750ML)
PO4**1*EA
PO1*0020*4*EA*9.4**VP*611441*SK*611441*UP*732336602503
PID*F****ANNUAL 14IN COLOR BOWL(2.08G/7.87L)
PO4**1*EA
PO1*0021*2*EA*1.01**VP*612391*SK*612391*UP*732336203007
PID*F****PRIMULA PRIMROSE 4IN (1.52PT/720ML)
PO4**1*EA
PO1*0022*10*EA*2.45**VP*612568*SK*612568*UP*732336093004
PID*F****SUCCULENT QT (25.36FLOZ/750ML)
PO4**1*EA
PO1*0023*18*EA*2.56**VP*614474*SK*614474*UP*732336096500
PID*F****ROSE MINI 1 QT(25.36FLOZ/750ML)
PO4**16*EA
PO1*0024*1*EA*11.25**VP*614513*SK*614513*UP*732336190000
PID*F****ANNUAL PRO 18 PAK (2.02G/7.66L)
PO4**1*EA
PO1*0025*15*EA*7.65**VP*614519*SK*614519*UP*732336170002
PID*F****ANNUAL HALF FLATS ASST(1.1G/4L)
PO4**1*EA
PO1*0026*8*EA*12.5**VP*614623*SK*614623*UP*732336160003
PID*F****ANNUAL 49ER FLAT ASST(1.3G/4.9L)
PO4**1*EA
PO1*0027*6*EA*.85**VP*615950*SK*615950*UP*732336200006
PID*F****ANNUAL BEDDING 4IN(1.52PT/720ML)
PO4**1*EA
PO1*0028*15*EA*2.55**VP*616252*SK*616252*UP*732336372369
PID*F****NEMESIS PERENNIAL 1G (0.634/2.4L)
PO4**1*EA
PO1*0029*14*EA*2.55**VP*617732*SK*617732*UP*732336370501
PID*F****MUM MARGUERITE DAISY 1G(.0634/2.4L)
PO4**1*EA
CTT*29*818
AMT*TT*2789.09
SE*101*000080703
ST*850*000080704
BEG*00*CN*71096411**20091120*6971096411
CUR*BY*USD
DTM*038*20091121
N1*OB**92*6971
N3*58705 29 PALMS HWY
N4*YUCCA VALLEY*CA*92284
REF*DP*028
REF*3J*0005
REF*MR*0000073179
REF*AGL*DTS STORE
PO1*0003*5*EA*1.89**VP*JP VEGGIE*SK*582185*UP*732336280008
PID*F****VEGETABLE JUMBO 6PLT/PK(1.1QT/1L)
PO4**1*EA
PO1*0002*3*EA*1.25**VP*REF 453129*SK*533411*UP*732336320001
PID*F****HERB 4 IN. (15 FL.OZ./42ML)
PO4**1*EA
PO1*0001*2*EA*2.1**VP*453945*SK*453945*UP*048834511170
PID*F****VIGORO SELECT CA QT ANNUAL
PO4**1*EA
PO1*0004*2*EA*1.55**VP*611599*SK*611599*UP*732336452009
PID*F****GERANIUM IVY 4IN(1.2PT/574ML)
PO4**1*EA
CTT*4*12
AMT*TT*29.81
SE*26*000080704
ST*850*000080705
BEG*00*CN*63077485**20091120*8463077485
CUR*BY*USD
DTM*038*20091121
N1*OB**92*8463
N3*2220 S AZUSA AVENUE
N4*WEST COVINA*CA*91792
REF*DP*028
REF*3J*0005
REF*MR*0000073179
REF*AGL*DTS STORE
PO1*0005*2*EA*1.89**VP*JP VEGGIE*SK*582185*UP*732336280008
PID*F****VEGETABLE JUMBO 6PLT/PK(1.1QT/1L)
PO4**1*EA
PO1*0003*2*EA*1.25**VP*REF 453129*SK*533411*UP*732336320001
PID*F****HERB 4 IN. (15 FL.OZ./42ML)
PO4**1*EA
PO1*0001*3*EA*2.2**VP*418927*SK*418927*UP*732336338006
PID*F****HERB RICE POT QT
PO4**16*EA
PO1*0002*2*EA*2.25**VP*438771*SK*438771*UP*732336370464
PID*F****LANTANA 1G
PO4**1*EA
PO1*0004*4*EA*1.89**VP*535501*SK*535501*UP*732336287540
PID*F****STRAWBERRY JUMBO PK (1.1QT/1L)
PO4**1*EA
PO1*0006*5*EA*4.2**VP*582756*SK*582756*UP*732336371027
PID*F****LILIUM ASIATIC LILY 1G (.0634G/2.4L)
PO4**1*EA
PO1*0007*16*EA*2.45**VP*612568*SK*612568*UP*732336093004
PID*F****SUCCULENT QT (25.36FLOZ/750ML)
PO4**1*EA
PO1*0008*8*EA*2.56**VP*614474*SK*614474*UP*732336096500
PID*F****ROSE MINI 1 QT(25.36FLOZ/750ML)
PO4**16*EA
CTT*8*42
AMT*TT*160.41
SE*38*000080705
GE*11*9632
IEA*1*000011217
ISA*00*          *00*          *14*0722717110100  *01*148468275      *091120*0416*|*00406*000011218*0*P*>
GS*PO*072271711*148468275*20091120*0416*9633*X*004060
ST*850*000080706
BEG*00*CN*38066373**20091120*0638066373
CUR*BY*USD
DTM*038*20091121
N1*OB**92*0638
N3*340 WEST AVENUE P
N4*PALMDALE*CA*93551
REF*DP*028
REF*3J*0005
REF*MR*0000073179
REF*AGL*DTS STORE
PO1*0001*3*EA*1.04**VP*260878*SK*260878*UP*732336455000
PID*F****CHRYSANTHEMUM 4.5IN GARDEN MUM
PO4**16*EA
PO1*0002*3*EA*1.78**VP*533223*SK*533223*UP*732336100009
PID*F****ANNUAL BEDDING JUMBO 6PK (1.1QT/1L)
PO4**8*EA
PO1*0003*3*EA*2.17**VP*608647*SK*608647*UP*732336350787
PID*F****DIANTHUS 1G (.0634G/2.4L)
PO4**1*EA
CTT*3*9
AMT*TT*21.75
SE*23*000080706
ST*850*000080707
BEG*00*CN*48053891**20091120*0648053891
CUR*BY*USD
DTM*038*20091121
N1*OB**92*0648
N3*2450 CHERRY AVENUE
N4*SIGNAL HILL*CA*90755
REF*DP*028
REF*3J*0005
REF*MR*0000073179
REF*AGL*DTS STORE
PO1*0001*4*EA*2.86**VP*553126*SK*553126*UP*732336371850
PID*F****GRASS ORNAMENTAL 1G
PO4**1*EA
CTT*1*4
AMT*TT*23.92
SE*17*000080707
ST*850*000080708
BEG*00*CN*68015386**20091120*0668015386
CUR*BY*USD
DTM*038*20091121
N1*OB**92*0668
N3*25100 MADISON AVE
N4*MURRIETA*CA*92562
REF*DP*028
REF*3J*0005
REF*MR*0000073179
REF*AGL*DTS STORE
PO1*0009*2*EA*1.89**VP*JP VEGGIE*SK*582185*UP*732336280008
PID*F****VEGETABLE JUMBO 6PLT/PK(1.1QT/1L)
PO4**1*EA
PO1*0007*14*EA*1.25**VP*REF 453129*SK*533411*UP*732336320001
PID*F****HERB 4 IN. (15 FL.OZ./42ML)
PO4**1*EA
PO1*0001*1*EA*2.58**VP*260429*SK*260429*UP*732336450500
PID*F****CYCLAMEN OUTDOOR 4IN
PO4**16*EA
PO1*0002*7*EA*1.04**VP*260878*SK*260878*UP*732336455000
PID*F****CHRYSANTHEMUM 4.5IN GARDEN MUM
PO4**16*EA
PO1*0003*2*EA*2.2**VP*322057*SK*322057*UP*732336350640
PID*F****CHRYSANTHEMUM 1G (0.634G (2.4L)
PO4**1*EA
PO1*0004*3*EA*5.1**VP*322254*SK*322254*UP*732336490506
PID*F****CYCLAMEN 6IN 1.4 QT (1.32L)
PO4**1*EA
PO1*0005*3*EA*2.2**VP*418927*SK*418927*UP*732336338006
PID*F****HERB RICE POT QT
PO4**16*EA
PO1*0006*130*EA*1.78**VP*533223*SK*533223*UP*732336100009
PID*F****ANNUAL BEDDING JUMBO 6PK (1.1QT/1L)
PO4**8*EA
PO1*0008*3*EA*2.55**VP*553036*SK*553036*UP*732336372482
PID*F****ORNAMENTAL PEPPER 1G
PO4**1*EA
PO1*0010*1*EA*2.75**VP*594300*SK*594300*UP*732336370426
PID*F****LAVANDULA LAVENDER 1G(.0634G/2.4L)
PO4**1*EA
PO1*0011*3*EA*2.55**VP*599968*SK*599968*UP*732336370402
PID*F****FELICIA BLUE MARGUERITE(.0634/2.4L)
PO4**1*EA
PO1*0012*1*EA*2.17**VP*607156*SK*607156*UP*732336352859
PID*F****ANNUAL STOCK 1G (.0634G/2.4L)
PO4**1*EA
PO1*0013*5*EA*1.55**VP*611724*SK*611724*UP*732336451002
PID*F****GERANIUM ZONAL 4IN (1.2PT/574ML)
PO4**1*EA
PO1*0014*1*EA*1.01**VP*612391*SK*612391*UP*732336203007
PID*F****PRIMULA PRIMROSE 4IN (1.52PT/720ML)
PO4**1*EA
PO1*0015*10*EA*2.45**VP*612568*SK*612568*UP*732336093004
PID*F****SUCCULENT QT (25.36FLOZ/750ML)
PO4**1*EA
PO1*0016*1*EA*2.49**VP*613218*SK*613218*UP*732336440006
PID*F****PERENNIAL WINNER GRANDE
PO4**1*EA
PO1*0017*1*EA*10.75**VP*613605*SK*613605*UP*732336400109
PID*F****HB ANNUAL 10IN.
PO4**1*EA
PO1*0018*6*EA*2.56**VP*614474*SK*614474*UP*732336096500
PID*F****ROSE MINI 1 QT(25.36FLOZ/750ML)
PO4**16*EA
PO1*0019*2*EA*7.65**VP*614519*SK*614519*UP*732336170002
PID*F****ANNUAL HALF FLATS ASST(1.1G/4L)
PO4**1*EA
PO1*0020*2*EA*2.55**VP*617732*SK*617732*UP*732336370501
PID*F****MUM MARGUERITE DAISY 1G(.0634/2.4L)
PO4**1*EA
PO1*0021*2*EA*15**VP*893265*SK*893265*UP*732336417343
PID*F****HERB COMBO URN 14IN.
PO4**1*EA
CTT*21*200
AMT*TT*533.28
SE*77*000080708
ST*850*000080709
BEG*00*CN*52084712**20091120*1052084712
CUR*BY*USD
DTM*038*20091121
N1*OB**92*1052
N3*1551 FROOM RANCH RD
N4*SAN LUIS OBISPO*CA*93405
REF*DP*028
REF*3J*0005
REF*MR*0000073179
REF*AGL*DTS STORE
PO1*0010*4*EA*1.89**VP*JP VEGGIE*SK*582185*UP*732336280008
PID*F****VEGETABLE JUMBO 6PLT/PK(1.1QT/1L)
PO4**1*EA
PO1*0007*13*EA*1.25**VP*REF 453129*SK*533411*UP*732336320001
PID*F****HERB 4 IN. (15 FL.OZ./42ML)
PO4**1*EA
PO1*0001*72*EA*2.58**VP*260429*SK*260429*UP*732336450500
PID*F****CYCLAMEN OUTDOOR 4IN
PO4**16*EA
PO1*0002*10*EA*1.04**VP*260878*SK*260878*UP*732336455000
PID*F****CHRYSANTHEMUM 4.5IN GARDEN MUM
PO4**16*EA
PO1*0003*1*EA*5.1**VP*322254*SK*322254*UP*732336490506
PID*F****CYCLAMEN 6IN 1.4 QT (1.32L)
PO4**1*EA
PO1*0004*8*EA*2.2**VP*418927*SK*418927*UP*732336338006
PID*F****HERB RICE POT QT
PO4**16*EA
PO1*0005*5*EA*2.25**VP*438771*SK*438771*UP*732336370464
PID*F****LANTANA 1G
PO4**1*EA
PO1*0006*108*EA*1.78**VP*533223*SK*533223*UP*732336100009
PID*F****ANNUAL BEDDING JUMBO 6PK (1.1QT/1L)
PO4**8*EA
PO1*0008*3*EA*1.89**VP*535501*SK*535501*UP*732336287540
PID*F****STRAWBERRY JUMBO PK (1.1QT/1L)
PO4**1*EA
PO1*0009*1*EA*2.86**VP*553126*SK*553126*UP*732336371850
PID*F****GRASS ORNAMENTAL 1G
PO4**1*EA
PO1*0011*21*EA*4.2**VP*582756*SK*582756*UP*732336371027
PID*F****LILIUM ASIATIC LILY 1G (.0634G/2.4L)
PO4**1*EA
PO1*0012*11*EA*2.55**VP*590830*SK*590830*UP*732336371072
PID*F****OSTEOSPERMUN 1G(.0634G/2.4L)
PO4**1*EA
PO1*0013*1*EA*2.55**VP*601412*SK*601412*UP*732336370389
PID*F****EURYOPS 1G (.0634G/2.4L)
PO4**1*EA
PO1*0014*8*EA*2.55**VP*604438*SK*604438*UP*732336370273
PID*F****CUPHEA 1G (.0634/2.4L)
PO4**1*EA
PO1*0015*6*EA*2.17**VP*607156*SK*607156*UP*732336352859
PID*F****ANNUAL STOCK 1G (.0634G/2.4L)
PO4**1*EA
PO1*0016*1*EA*2.17**VP*607895*SK*607895*UP*732336352651
PID*F****SNAPDRAGON 1G (.0634G/2.4L)
PO4**1*EA
PO1*0017*1*EA*2.17**VP*607959*SK*607959*UP*732336352101
PID*F****PRIMULA 1G .0634G/2.4L)
PO4**1*EA
PO1*0018*2*EA*2.17**VP*608315*SK*608315*UP*732336351043
PID*F****KALE 1G (.0635G/2.4L)
PO4**1*EA
PO1*0019*1*EA*2.17**VP*608431*SK*608431*UP*732336351357
PID*F****PANSY 1G (.0634G/2.4L)
PO4**1*EA
PO1*0020*2*EA*3.1**VP*610961*SK*610961*UP*732336376008
PID*F****GERBERA DAISY 1G(.0634G/2.4L)
PO4**1*EA
PO1*0021*8*EA*2.7**VP*611017*SK*611017*UP*732336372000
PID*F****GERANIUM ZONAL 1G(.0634G/2.4L)
PO4**1*EA
PO1*0022*2*EA*2.25**VP*611024*SK*611024*UP*732336080004
PID*F****GRASS 1QT ASST(25.36FLOZ/750ML)
PO4**1*EA
PO1*0023*1*EA*9.4**VP*611441*SK*611441*UP*732336602503
PID*F****ANNUAL 14IN COLOR BOWL(2.08G/7.87L)
PO4**1*EA
PO1*0024*8*EA*1.55**VP*611724*SK*611724*UP*732336451002
PID*F****GERANIUM ZONAL 4IN (1.2PT/574ML)
PO4**1*EA
PO1*0025*32*EA*2.45**VP*612568*SK*612568*UP*732336093004
PID*F****SUCCULENT QT (25.36FLOZ/750ML)
PO4**1*EA
PO1*0026*1*EA*2.49**VP*613218*SK*613218*UP*732336440006
PID*F****PERENNIAL WINNER GRANDE
PO4**1*EA
PO1*0027*7*EA*2.56**VP*614474*SK*614474*UP*732336096500
PID*F****ROSE MINI 1 QT(25.36FLOZ/750ML)
PO4**16*EA
PO1*0028*2*EA*7.65**VP*614519*SK*614519*UP*732336170002
PID*F****ANNUAL HALF FLATS ASST(1.1G/4L)
PO4**1*EA
PO1*0029*1*EA*.85**VP*615950*SK*615950*UP*732336200006
PID*F****ANNUAL BEDDING 4IN(1.52PT/720ML)
PO4**1*EA
PO1*0030*1*EA*3.74**VP*617968*SK*617968*UP*732336360700
PID*F****SENECIO PREM. SELECT 1G(.0634G/2.4L)
PO4**1*EA
PO1*0031*1*EA*10.3**VP*888117*SK*888117*UP*732336480507
PID*F****CYCLAMEN CACHE 10IN.
PO4**1*EA
CTT*31*343
AMT*TT*1148.31
SE*107*000080709
ST*850*000080710
BEG*00*CN*62089681**20091120*1062089681
CUR*BY*USD
DTM*038*20091121
N1*OB**92*1062
N3*751 SPRING STREET
N4*SIGNAL HILL*CA*90755
REF*DP*028
REF*3J*0005
REF*MR*0000073179
REF*AGL*DTS STORE
PO1*0001*3*EA*2.58**VP*260429*SK*260429*UP*732336450500
PID*F****CYCLAMEN OUTDOOR 4IN
PO4**16*EA
PO1*0002*9*EA*2.45**VP*612568*SK*612568*UP*732336093004
PID*F****SUCCULENT QT (25.36FLOZ/750ML)
PO4**1*EA
CTT*2*12
AMT*TT*45.84
SE*20*000080710
ST*850*000080711
BEG*00*CN*45094874**20091120*1845094874
CUR*BY*USD
DTM*038*20091121
N1*OB**92*1845
N3*963 W BADILLO STREET
N4*COVINA*CA*91722
REF*DP*028
REF*3J*0005
REF*MR*0000073179
REF*AGL*DTS STORE
PO1*0001*15*EA*2.58**VP*260429*SK*260429*UP*732336450500
PID*F****CYCLAMEN OUTDOOR 4IN
PO4**16*EA
PO1*0002*4*EA*4.2**VP*582756*SK*582756*UP*732336371027
PID*F****LILIUM ASIATIC LILY 1G (.0634G/2.4L)
PO4**1*EA
PO1*0003*4*EA*2.55**VP*601412*SK*601412*UP*732336370389
PID*F****EURYOPS 1G (.0634G/2.4L)
PO4**1*EA
PO1*0004*4*EA*2.45**VP*612568*SK*612568*UP*732336093004
PID*F****SUCCULENT QT (25.36FLOZ/750ML)
PO4**1*EA
PO1*0005*8*EA*2.56**VP*614474*SK*614474*UP*732336096500
PID*F****ROSE MINI 1 QT(25.36FLOZ/750ML)
PO4**16*EA
CTT*5*35
AMT*TT*146.15
SE*29*000080711
ST*850*000080712
BEG*00*CN*48000092**20091120*1848000092
CUR*BY*USD
DTM*038*20091121
N1*OB**92*1848
N3*298 FLETCHER PKWY
N4*EL CAJON*CA*92020
REF*DP*028
REF*3J*0005
REF*MR*0000073179
REF*AGL*DTS STORE
PO1*0001*1*EA*7.65**VP*614519*SK*614519*UP*732336170002
PID*F****ANNUAL HALF FLATS ASST(1.1G/4L)
PO4**1*EA
CTT*1*1
AMT*TT*9.98
SE*17*000080712
ST*850*000080713
BEG*00*CN*14031292**20091120*6614031292
CUR*BY*USD
DTM*038*20091121
N1*OB**92*6614
N3*5000 HARDWICK STREET
N4*LAKEWOOD*CA*90712
REF*DP*028
REF*3J*0005
REF*MR*0000073179
REF*AGL*DTS STORE
PO1*0006*1*EA*1.89**VP*JP VEGGIE*SK*582185*UP*732336280008
PID*F****VEGETABLE JUMBO 6PLT/PK(1.1QT/1L)
PO4**1*EA
PO1*0003*5*EA*1.25**VP*REF 453129*SK*533411*UP*732336320001
PID*F****HERB 4 IN. (15 FL.OZ./42ML)
PO4**1*EA
PO1*0001*1*EA*5.1**VP*322254*SK*322254*UP*732336490506
PID*F****CYCLAMEN 6IN 1.4 QT (1.32L)
PO4**1*EA
PO1*0002*1*EA*8.5**VP*521435*SK*521435*UP*732336602558
PID*F****COLOR BOWL 14.5IN BO-OVAL
PO4**1*EA
PO1*0004*1*EA*2.55**VP*553036*SK*553036*UP*732336372482
PID*F****ORNAMENTAL PEPPER 1G
PO4**1*EA
PO1*0005*1*EA*2.86**VP*553126*SK*553126*UP*732336371850
PID*F****GRASS ORNAMENTAL 1G
PO4**1*EA
PO1*0007*2*EA*4.2**VP*582756*SK*582756*UP*732336371027
PID*F****LILIUM ASIATIC LILY 1G (.0634G/2.4L)
PO4**1*EA
PO1*0008*2*EA*2.75**VP*594300*SK*594300*UP*732336370426
PID*F****LAVANDULA LAVENDER 1G(.0634G/2.4L)
PO4**1*EA
PO1*0009*2*EA*2.55**VP*596142*SK*596142*UP*732336354006
PID*F****IMPATIEN DBL 1G(.0634G/2.4L)
PO4**1*EA
PO1*0010*1*EA*2.55**VP*599968*SK*599968*UP*732336370402
PID*F****FELICIA BLUE MARGUERITE(.0634/2.4L)
PO4**1*EA
PO1*0011*8*EA*2.55**VP*604438*SK*604438*UP*732336370273
PID*F****CUPHEA 1G (.0634/2.4L)
PO4**1*EA
PO1*0012*1*EA*2.55**VP*605150*SK*605150*UP*732336370211
PID*F****DIANTHUS CARNATION 1G (.0634/2.4L)
PO4**1*EA
PO1*0013*4*EA*2.17**VP*607959*SK*607959*UP*732336352101
PID*F****PRIMULA 1G .0634G/2.4L)
PO4**1*EA
PO1*0014*1*EA*2.45**VP*612568*SK*612568*UP*732336093004
PID*F****SUCCULENT QT (25.36FLOZ/750ML)
PO4**1*EA
PO1*0015*2*EA*15**VP*814303*SK*814303*UP*732336593016
PID*F****SUCCULENT REDWD TUB 10IN
PO4**1*EA
CTT*15*33
AMT*TT*167.74
SE*59*000080713
ST*850*000080714
BEG*00*CN*29006695**20091120*6629006695
CUR*BY*USD
DTM*038*20091121
N1*OB**92*6629
N3*1625 S MOUNTAIN AVE
N4*MONROVIA*CA*91016
REF*DP*028
REF*3J*0005
REF*MR*0000073179
REF*AGL*DTS STORE
PO1*0006*9*EA*1.89**VP*JP VEGGIE*SK*582185*UP*732336280008
PID*F****VEGETABLE JUMBO 6PLT/PK(1.1QT/1L)
PO4**1*EA
PO1*0003*13*EA*1.25**VP*REF 453129*SK*533411*UP*732336320001
PID*F****HERB 4 IN. (15 FL.OZ./42ML)
PO4**1*EA
PO1*0001*133*EA*2.58**VP*260429*SK*260429*UP*732336450500
PID*F****CYCLAMEN OUTDOOR 4IN
PO4**16*EA
PO1*0002*2*EA*2.2**VP*418927*SK*418927*UP*732336338006
PID*F****HERB RICE POT QT
PO4**16*EA
PO1*0004*3*EA*1.89**VP*535501*SK*535501*UP*732336287540
PID*F****STRAWBERRY JUMBO PK (1.1QT/1L)
PO4**1*EA
PO1*0005*1*EA*2.55**VP*553036*SK*553036*UP*732336372482
PID*F****ORNAMENTAL PEPPER 1G
PO4**1*EA
PO1*0007*1*EA*4.2**VP*582756*SK*582756*UP*732336371027
PID*F****LILIUM ASIATIC LILY 1G (.0634G/2.4L)
PO4**1*EA
PO1*0008*2*EA*2.55**VP*590830*SK*590830*UP*732336371072
PID*F****OSTEOSPERMUN 1G(.0634G/2.4L)
PO4**1*EA
PO1*0009*11*EA*2.55**VP*599968*SK*599968*UP*732336370402
PID*F****FELICIA BLUE MARGUERITE(.0634/2.4L)
PO4**1*EA
PO1*0010*4*EA*1.9**VP*611248*SK*611248*UP*732336090003
PID*F****PERENNIAL 1QT (25.36FLOZ/750ML)
PO4**1*EA
PO1*0011*11*EA*2.45**VP*612568*SK*612568*UP*732336093004
PID*F****SUCCULENT QT (25.36FLOZ/750ML)
PO4**1*EA
PO1*0012*5*EA*2.56**VP*614474*SK*614474*UP*732336096500
PID*F****ROSE MINI 1 QT(25.36FLOZ/750ML)
PO4**16*EA
PO1*0013*14*EA*2.55**VP*616252*SK*616252*UP*732336372369
PID*F****NEMESIS PERENNIAL 1G (0.634/2.4L)
PO4**1*EA
PO1*0014*1*EA*2.55**VP*617732*SK*617732*UP*732336370501
PID*F****MUM MARGUERITE DAISY 1G(.0634/2.4L)
PO4**1*EA
PO1*0015*1*EA*10.3**VP*888117*SK*888117*UP*732336480507
PID*F****CYCLAMEN CACHE 10IN.
PO4**1*EA
CTT*15*211
AMT*TT*814.37
SE*59*000080714
ST*850*000080715
BEG*00*CN*40046440**20091120*6640046440
CUR*BY*USD
DTM*038*20091121
N1*OB**92*6640
N3*575 COCHRAN ST
N4*SIMI VALLEY*CA*93065
REF*DP*028
REF*3J*0005
REF*MR*0000073179
REF*AGL*DTS STORE
PO1*0004*5*EA*1.89**VP*JP VEGGIE*SK*582185*UP*732336280008
PID*F****VEGETABLE JUMBO 6PLT/PK(1.1QT/1L)
PO4**1*EA
PO1*0001*27*EA*2.58**VP*260429*SK*260429*UP*732336450500
PID*F****CYCLAMEN OUTDOOR 4IN
PO4**16*EA
PO1*0002*5*EA*2.2**VP*322057*SK*322057*UP*732336350640
PID*F****CHRYSANTHEMUM 1G (0.634G (2.4L)
PO4**1*EA
PO1*0003*81*EA*1.78**VP*533223*SK*533223*UP*732336100009
PID*F****ANNUAL BEDDING JUMBO 6PK (1.1QT/1L)
PO4**8*EA
PO1*0005*2*EA*4.2**VP*582756*SK*582756*UP*732336371027
PID*F****LILIUM ASIATIC LILY 1G (.0634G/2.4L)
PO4**1*EA
PO1*0006*2*EA*2.55**VP*584696*SK*584696*UP*732336370617
PID*F****LIMONIUM STATICE 1G (.0634G/2.4L)
PO4**1*EA
PO1*0007*5*EA*2.55**VP*601412*SK*601412*UP*732336370389
PID*F****EURYOPS 1G (.0634G/2.4L)
PO4**1*EA
PO1*0008*5*EA*2.17**VP*607156*SK*607156*UP*732336352859
PID*F****ANNUAL STOCK 1G (.0634G/2.4L)
PO4**1*EA
PO1*0009*1*EA*2.17**VP*607895*SK*607895*UP*732336352651
PID*F****SNAPDRAGON 1G (.0634G/2.4L)
PO4**1*EA
PO1*0010*2*EA*2.17**VP*608431*SK*608431*UP*732336351357
PID*F****PANSY 1G (.0634G/2.4L)
PO4**1*EA
PO1*0011*1*EA*2.17**VP*608596*SK*608596*UP*732336350909
PID*F****IMPATIEN 1G (.06354G/2.4L)
PO4**1*EA
PO1*0012*4*EA*2.17**VP*608647*SK*608647*UP*732336350787
PID*F****DIANTHUS 1G (.0634G/2.4L)
PO4**1*EA
PO1*0013*4*EA*1.9**VP*611248*SK*611248*UP*732336090003
PID*F****PERENNIAL 1QT (25.36FLOZ/750ML)
PO4**1*EA
PO1*0014*2*EA*9.4**VP*611441*SK*611441*UP*732336602503
PID*F****ANNUAL 14IN COLOR BOWL(2.08G/7.87L)
PO4**1*EA
PO1*0015*2*EA*1.01**VP*612391*SK*612391*UP*732336203007
PID*F****PRIMULA PRIMROSE 4IN (1.52PT/720ML)
PO4**1*EA
PO1*0016*5*EA*2.45**VP*612568*SK*612568*UP*732336093004
PID*F****SUCCULENT QT (25.36FLOZ/750ML)
PO4**1*EA
PO1*0017*3*EA*2.49**VP*613218*SK*613218*UP*732336440006
PID*F****PERENNIAL WINNER GRANDE
PO4**1*EA
PO1*0018*5*EA*7.65**VP*614519*SK*614519*UP*732336170002
PID*F****ANNUAL HALF FLATS ASST(1.1G/4L)
PO4**1*EA
PO1*0019*9*EA*12.5**VP*614623*SK*614623*UP*732336160003
PID*F****ANNUAL 49ER FLAT ASST(1.3G/4.9L)
PO4**1*EA
PO1*0020*5*EA*.85**VP*615950*SK*615950*UP*732336200006
PID*F****ANNUAL BEDDING 4IN(1.52PT/720ML)
PO4**1*EA
PO1*0021*18*EA*2.55**VP*616252*SK*616252*UP*732336372369
PID*F****NEMESIS PERENNIAL 1G (0.634/2.4L)
PO4**1*EA
PO1*0022*4*EA*2.55**VP*617732*SK*617732*UP*732336370501
PID*F****MUM MARGUERITE DAISY 1G(.0634/2.4L)
PO4**1*EA
CTT*22*197
AMT*TT*753.34
SE*80*000080715
ST*850*000080716
BEG*00*CN*34021961**20091120*6834021961
CUR*BY*USD
DTM*038*20091121
N1*OB**92*6834
N3*12218 APPLE VALLEY RD
N4*APPLE VALLEY*CA*92308
REF*DP*028
REF*3J*0005
REF*MR*0000073179
REF*AGL*DTS STORE
PO1*0004*1*EA*1.25**VP*REF 453129*SK*533411*UP*732336320001
PID*F****HERB 4 IN. (15 FL.OZ./42ML)
PO4**1*EA
PO1*0001*14*EA*2.58**VP*260429*SK*260429*UP*732336450500
PID*F****CYCLAMEN OUTDOOR 4IN
PO4**16*EA
PO1*0002*12*EA*2.2**VP*322057*SK*322057*UP*732336350640
PID*F****CHRYSANTHEMUM 1G (0.634G (2.4L)
PO4**1*EA
PO1*0003*55*EA*1.78**VP*533223*SK*533223*UP*732336100009
PID*F****ANNUAL BEDDING JUMBO 6PK (1.1QT/1L)
PO4**8*EA
PO1*0005*3*EA*2.55**VP*590830*SK*590830*UP*732336371072
PID*F****OSTEOSPERMUN 1G(.0634G/2.4L)
PO4**1*EA
PO1*0006*2*EA*2.55**VP*601412*SK*601412*UP*732336370389
PID*F****EURYOPS 1G (.0634G/2.4L)
PO4**1*EA
PO1*0007*5*EA*2.17**VP*607156*SK*607156*UP*732336352859
PID*F****ANNUAL STOCK 1G (.0634G/2.4L)
PO4**1*EA
PO1*0008*3*EA*2.17**VP*607895*SK*607895*UP*732336352651
PID*F****SNAPDRAGON 1G (.0634G/2.4L)
PO4**1*EA
PO1*0009*4*EA*2.17**VP*608431*SK*608431*UP*732336351357
PID*F****PANSY 1G (.0634G/2.4L)
PO4**1*EA
PO1*0010*3*EA*1.01**VP*612391*SK*612391*UP*732336203007
PID*F****PRIMULA PRIMROSE 4IN (1.52PT/720ML)
PO4**1*EA
PO1*0011*7*EA*7.65**VP*614519*SK*614519*UP*732336170002
PID*F****ANNUAL HALF FLATS ASST(1.1G/4L)
PO4**1*EA
PO1*0012*2*EA*12.5**VP*614623*SK*614623*UP*732336160003
PID*F****ANNUAL 49ER FLAT ASST(1.3G/4.9L)
PO4**1*EA
PO1*0013*3*EA*2.55**VP*616252*SK*616252*UP*732336372369
PID*F****NEMESIS PERENNIAL 1G (0.634/2.4L)
PO4**1*EA
CTT*13*114
AMT*TT*388.8
SE*53*000080716
ST*850*000080717
BEG*00*CN*74076698**20091120*6874076698
CUR*BY*USD
DTM*038*20091121
N1*OB**92*6874
N3*42100 JACKSON STREET
N4*INDIO*CA*92203
REF*DP*028
REF*3J*0005
REF*MR*0000073179
REF*AGL*DTS STORE
PO1*0009*1*EA*1.89**VP*JP VEGGIE*SK*582185*UP*732336280008
PID*F****VEGETABLE JUMBO 6PLT/PK(1.1QT/1L)
PO4**1*EA
PO1*0007*11*EA*1.25**VP*REF 453129*SK*533411*UP*732336320001
PID*F****HERB 4 IN. (15 FL.OZ./42ML)
PO4**1*EA
PO1*0006*3*EA*.87**VP*REF 711-934*SK*533339*UP*732336250001
PID*F****VEGETABLE 4 IN.(1.52PT/720ML)
PO4**1*EA
PO1*0001*37*EA*2.58**VP*260429*SK*260429*UP*732336450500
PID*F****CYCLAMEN OUTDOOR 4IN
PO4**16*EA
PO1*0002*2*EA*2.2**VP*322057*SK*322057*UP*732336350640
PID*F****CHRYSANTHEMUM 1G (0.634G (2.4L)
PO4**1*EA
PO1*0003*2*EA*5.1**VP*322254*SK*322254*UP*732336490506
PID*F****CYCLAMEN 6IN 1.4 QT (1.32L)
PO4**1*EA
PO1*0004*1*EA*2.25**VP*438771*SK*438771*UP*732336370464
PID*F****LANTANA 1G
PO4**1*EA
PO1*0005*75*EA*1.78**VP*533223*SK*533223*UP*732336100009
PID*F****ANNUAL BEDDING JUMBO 6PK (1.1QT/1L)
PO4**8*EA
PO1*0008*1*EA*1.89**VP*535501*SK*535501*UP*732336287540
PID*F****STRAWBERRY JUMBO PK (1.1QT/1L)
PO4**1*EA
PO1*0010*1*EA*2.55**VP*601412*SK*601412*UP*732336370389
PID*F****EURYOPS 1G (.0634G/2.4L)
PO4**1*EA
PO1*0011*1*EA*2.55**VP*604438*SK*604438*UP*732336370273
PID*F****CUPHEA 1G (.0634/2.4L)
PO4**1*EA
PO1*0012*1*EA*2.55**VP*605647*SK*605647*UP*732336360106
PID*F****BACOPA SNOWFLAKE 1G(.0635/2.4L)
PO4**1*EA
PO1*0013*1*EA*2.17**VP*607156*SK*607156*UP*732336352859
PID*F****ANNUAL STOCK 1G (.0634G/2.4L)
PO4**1*EA
PO1*0014*1*EA*2.17**VP*607895*SK*607895*UP*732336352651
PID*F****SNAPDRAGON 1G (.0634G/2.4L)
PO4**1*EA
PO1*0015*3*EA*2.17**VP*610334*SK*610334*UP*732336260659
PID*F****TOMATO 1G (.0634G/2.4L)
PO4**1*EA
PO1*0016*2*EA*3.1**VP*610961*SK*610961*UP*732336376008
PID*F****GERBERA DAISY 1G(.0634G/2.4L)
PO4**1*EA
PO1*0017*5*EA*9.4**VP*611441*SK*611441*UP*732336602503
PID*F****ANNUAL 14IN COLOR BOWL(2.08G/7.87L)
PO4**1*EA
PO1*0018*34*EA*1.55**VP*611724*SK*611724*UP*732336451002
PID*F****GERANIUM ZONAL 4IN (1.2PT/574ML)
PO4**1*EA
PO1*0019*16*EA*2.45**VP*612568*SK*612568*UP*732336093004
PID*F****SUCCULENT QT (25.36FLOZ/750ML)
PO4**1*EA
PO1*0020*2*EA*2.49**VP*613218*SK*613218*UP*732336440006
PID*F****PERENNIAL WINNER GRANDE
PO4**1*EA
PO1*0021*16*EA*2.56**VP*614474*SK*614474*UP*732336096500
PID*F****ROSE MINI 1 QT(25.36FLOZ/750ML)
PO4**16*EA
PO1*0022*3*EA*7.65**VP*614519*SK*614519*UP*732336170002
PID*F****ANNUAL HALF FLATS ASST(1.1G/4L)
PO4**1*EA
PO1*0023*2*EA*12.5**VP*614623*SK*614623*UP*732336160003
PID*F****ANNUAL 49ER FLAT ASST(1.3G/4.9L)
PO4**1*EA
PO1*0024*3*EA*2.25**VP*875616*SK*875616*UP*048834111165
PID*F****VIGORO SELECT CALIF QT PERENNIAL
PO4**1*EA
CTT*24*224
AMT*TT*723.44
SE*86*000080717
ST*850*000080718
BEG*00*CN*76094069**20091120*6876094069
CUR*BY*USD
DTM*038*20091121
N1*OB**92*6876
N3*14549 RAMONA AVE
N4*CHINO*CA*91710
REF*DP*028
REF*3J*0005
REF*MR*0000073179
REF*AGL*DTS STORE
PO1*0004*1*EA*1.25**VP*REF 453129*SK*533411*UP*732336320001
PID*F****HERB 4 IN. (15 FL.OZ./42ML)
PO4**1*EA
PO1*0001*10*EA*2.58**VP*260429*SK*260429*UP*732336450500
PID*F****CYCLAMEN OUTDOOR 4IN
PO4**16*EA
PO1*0002*1*EA*2.2**VP*322057*SK*322057*UP*732336350640
PID*F****CHRYSANTHEMUM 1G (0.634G (2.4L)
PO4**1*EA
PO1*0003*34*EA*1.78**VP*533223*SK*533223*UP*732336100009
PID*F****ANNUAL BEDDING JUMBO 6PK (1.1QT/1L)
PO4**8*EA
PO1*0005*1*EA*2.17**VP*608315*SK*608315*UP*732336351043
PID*F****KALE 1G (.0635G/2.4L)
PO4**1*EA
PO1*0006*1*EA*2.17**VP*608647*SK*608647*UP*732336350787
PID*F****DIANTHUS 1G (.0634G/2.4L)
PO4**1*EA
PO1*0007*4*EA*1.55**VP*611599*SK*611599*UP*732336452009
PID*F****GERANIUM IVY 4IN(1.2PT/574ML)
PO4**1*EA
PO1*0008*6*EA*2.45**VP*612568*SK*612568*UP*732336093004
PID*F****SUCCULENT QT (25.36FLOZ/750ML)
PO4**1*EA
PO1*0009*3*EA*10.75**VP*613605*SK*613605*UP*732336400109
PID*F****HB ANNUAL 10IN.
PO4**1*EA
PO1*0010*2*EA*7.65**VP*614519*SK*614519*UP*732336170002
PID*F****ANNUAL HALF FLATS ASST(1.1G/4L)
PO4**1*EA
PO1*0011*4*EA*2.55**VP*616252*SK*616252*UP*732336372369
PID*F****NEMESIS PERENNIAL 1G (0.634/2.4L)
PO4**1*EA
CTT*11*67
AMT*TT*232.85
SE*47*000080718
ST*850*000080719
BEG*00*CN*84046981**20091120*6884046981
CUR*BY*USD
DTM*038*20091121
N1*OB**92*6884
N3*2980 S EUCLID AVENUE
N4*ONTARIO*CA*91762
REF*DP*028
REF*3J*0005
REF*MR*0000073179
REF*AGL*DTS STORE
PO1*0007*2*EA*1.25**VP*REF 453129*SK*533411*UP*732336320001
PID*F****HERB 4 IN. (15 FL.OZ./42ML)
PO4**1*EA
PO1*0001*76*EA*2.58**VP*260429*SK*260429*UP*732336450500
PID*F****CYCLAMEN OUTDOOR 4IN
PO4**16*EA
PO1*0002*7*EA*1.04**VP*260878*SK*260878*UP*732336455000
PID*F****CHRYSANTHEMUM 4.5IN GARDEN MUM
PO4**16*EA
PO1*0003*2*EA*2.2**VP*322057*SK*322057*UP*732336350640
PID*F****CHRYSANTHEMUM 1G (0.634G (2.4L)
PO4**1*EA
PO1*0004*2*EA*2.2**VP*418927*SK*418927*UP*732336338006
PID*F****HERB RICE POT QT
PO4**16*EA
PO1*0005*1*EA*8.5**VP*521435*SK*521435*UP*732336602558
PID*F****COLOR BOWL 14.5IN BO-OVAL
PO4**1*EA
PO1*0006*58*EA*1.78**VP*533223*SK*533223*UP*732336100009
PID*F****ANNUAL BEDDING JUMBO 6PK (1.1QT/1L)
PO4**8*EA
PO1*0008*2*EA*2.55**VP*553036*SK*553036*UP*732336372482
PID*F****ORNAMENTAL PEPPER 1G
PO4**1*EA
PO1*0009*1*EA*4.2**VP*582756*SK*582756*UP*732336371027
PID*F****LILIUM ASIATIC LILY 1G (.0634G/2.4L)
PO4**1*EA
PO1*0010*3*EA*2.55**VP*604438*SK*604438*UP*732336370273
PID*F****CUPHEA 1G (.0634/2.4L)
PO4**1*EA
PO1*0011*8*EA*2.17**VP*607156*SK*607156*UP*732336352859
PID*F****ANNUAL STOCK 1G (.0634G/2.4L)
PO4**1*EA
PO1*0012*4*EA*2.17**VP*607895*SK*607895*UP*732336352651
PID*F****SNAPDRAGON 1G (.0634G/2.4L)
PO4**1*EA
PO1*0013*2*EA*2.17**VP*608647*SK*608647*UP*732336350787
PID*F****DIANTHUS 1G (.0634G/2.4L)
PO4**1*EA
PO1*0014*10*EA*1.01**VP*612391*SK*612391*UP*732336203007
PID*F****PRIMULA PRIMROSE 4IN (1.52PT/720ML)
PO4**1*EA
PO1*0015*5*EA*2.45**VP*612568*SK*612568*UP*732336093004
PID*F****SUCCULENT QT (25.36FLOZ/750ML)
PO4**1*EA
PO1*0016*6*EA*2.56**VP*614474*SK*614474*UP*732336096500
PID*F****ROSE MINI 1 QT(25.36FLOZ/750ML)
PO4**16*EA
PO1*0017*4*EA*7.65**VP*614519*SK*614519*UP*732336170002
PID*F****ANNUAL HALF FLATS ASST(1.1G/4L)
PO4**1*EA
PO1*0018*15*EA*.85**VP*615950*SK*615950*UP*732336200006
PID*F****ANNUAL BEDDING 4IN(1.52PT/720ML)
PO4**1*EA
CTT*18*208
AMT*TT*647.42
SE*68*000080719
ST*850*000080720
BEG*00*CN*72008023**20091120*6972008023
CUR*BY*USD
DTM*038*20091121
N1*OB**92*6972
N3*1100 L AVENUE
N4*BARSTOW*CA*92311
REF*DP*028
REF*3J*0036
REF*MR*0000073179
REF*AGL*DTS STORE
PO1*0001*2*EA*2.58**VP*260429*SK*260429*UP*732336450500
PID*F****CYCLAMEN OUTDOOR 4IN
PO4**16*EA
PO1*0002*3*EA*1.04**VP*260878*SK*260878*UP*732336455000
PID*F****CHRYSANTHEMUM 4.5IN GARDEN MUM
PO4**16*EA
PO1*0003*1*EA*2.2**VP*322057*SK*322057*UP*732336350640
PID*F****CHRYSANTHEMUM 1G (0.634G (2.4L)
PO4**1*EA
PO1*0004*1*EA*5.1**VP*322254*SK*322254*UP*732336490506
PID*F****CYCLAMEN 6IN 1.4 QT (1.32L)
PO4**1*EA
PO1*0005*1*EA*3.8**VP*582756*SK*582756*UP*732336371027
PID*F****LILIUM ASIATIC LILY 1G (.0634G/2.4L)
PO4**1*EA
PO1*0006*1*EA*2.17**VP*607156*SK*607156*UP*732336352859
PID*F****ANNUAL STOCK 1G (.0634G/2.4L)
PO4**1*EA
CTT*6*9
AMT*TT*31.7
SE*32*000080720
ST*850*000080721
BEG*00*CN*88057001**20091120*8988057001
CUR*BY*USD
DTM*038*20091121
N1*OB**92*8988
N3*18282 COLLIER AVENUE
N4*LAKE ELSINORE*CA*92530
REF*DP*028
REF*3J*0005
REF*MR*0000073179
REF*AGL*DTS STORE
PO1*0007*8*EA*1.89**VP*JP VEGGIE*SK*582185*UP*732336280008
PID*F****VEGETABLE JUMBO 6PLT/PK(1.1QT/1L)
PO4**1*EA
PO1*0001*2*EA*2.58**VP*260429*SK*260429*UP*732336450500
PID*F****CYCLAMEN OUTDOOR 4IN
PO4**16*EA
PO1*0002*10*EA*1.04**VP*260878*SK*260878*UP*732336455000
PID*F****CHRYSANTHEMUM 4.5IN GARDEN MUM
PO4**16*EA
PO1*0003*2*EA*5.1**VP*322254*SK*322254*UP*732336490506
PID*F****CYCLAMEN 6IN 1.4 QT (1.32L)
PO4**1*EA
PO1*0004*1*EA*2.2**VP*418927*SK*418927*UP*732336338006
PID*F****HERB RICE POT QT
PO4**16*EA
PO1*0005*7*EA*1.78**VP*533223*SK*533223*UP*732336100009
PID*F****ANNUAL BEDDING JUMBO 6PK (1.1QT/1L)
PO4**8*EA
PO1*0006*4*EA*.87**VP*536029*SK*536029*UP*732336260017
PID*F****STRAWBERRY 4IN. (1.52PT/720ML)
PO4**1*EA
PO1*0008*3*EA*2.55**VP*590830*SK*590830*UP*732336371072
PID*F****OSTEOSPERMUN 1G(.0634G/2.4L)
PO4**1*EA
PO1*0009*2*EA*2.17**VP*607895*SK*607895*UP*732336352651
PID*F****SNAPDRAGON 1G (.0634G/2.4L)
PO4**1*EA
PO1*0010*7*EA*1.55**VP*611724*SK*611724*UP*732336451002
PID*F****GERANIUM ZONAL 4IN (1.2PT/574ML)
PO4**1*EA
PO1*0011*3*EA*7.65**VP*614519*SK*614519*UP*732336170002
PID*F****ANNUAL HALF FLATS ASST(1.1G/4L)
PO4**1*EA
PO1*0012*2*EA*.85**VP*615950*SK*615950*UP*732336200006
PID*F****ANNUAL BEDDING 4IN(1.52PT/720ML)
PO4**1*EA
CTT*12*51
AMT*TT*142.1
SE*50*000080721
GE*16*9633
IEA*1*000011218
ISA*00*          *00*          *14*0722717110100  *01*148468275      *091120*0434*|*00406*000011219*0*P*>
GS*PO*072271711*148468275*20091120*0434*9634*X*004060
ST*850*000080722
BEG*00*CN*23043399**20091120*6623043399
CUR*BY*USD
DTM*038*20091121
N1*OB**92*6623
N3*6975 MARKETPLACE DR
N4*GOLETA*CA*93117
REF*DP*028
REF*3J*0005
REF*MR*0000073179
REF*AGL*DTS STORE
PO1*0009*5*EA*1.89**VP*JP VEGGIE*SK*582185*UP*732336280008
PID*F****VEGETABLE JUMBO 6PLT/PK(1.1QT/1L)
PO4**1*EA
PO1*0006*9*EA*1.25**VP*REF 453129*SK*533411*UP*732336320001
PID*F****HERB 4 IN. (15 FL.OZ./42ML)
PO4**1*EA
PO1*0001*94*EA*2.58**VP*260429*SK*260429*UP*732336450500
PID*F****CYCLAMEN OUTDOOR 4IN
PO4**16*EA
PO1*0002*13*EA*1.04**VP*260878*SK*260878*UP*732336455000
PID*F****CHRYSANTHEMUM 4.5IN GARDEN MUM
PO4**16*EA
PO1*0003*2*EA*2.2**VP*418927*SK*418927*UP*732336338006
PID*F****HERB RICE POT QT
PO4**16*EA
PO1*0004*13*EA*2.7**VP*446467*SK*446467*UP*732336373007
PID*F****GERANIUM IVY 1G (.0634G/2.4L)
PO4**1*EA
PO1*0005*167*EA*1.78**VP*533223*SK*533223*UP*732336100009
PID*F****ANNUAL BEDDING JUMBO 6PK (1.1QT/1L)
PO4**8*EA
PO1*0007*1*EA*1.89**VP*535501*SK*535501*UP*732336287540
PID*F****STRAWBERRY JUMBO PK (1.1QT/1L)
PO4**1*EA
PO1*0008*1*EA*2.86**VP*553126*SK*553126*UP*732336371850
PID*F****GRASS ORNAMENTAL 1G
PO4**1*EA
PO1*0010*3*EA*2.75**VP*594300*SK*594300*UP*732336370426
PID*F****LAVANDULA LAVENDER 1G(.0634G/2.4L)
PO4**1*EA
PO1*0011*2*EA*2.55**VP*599968*SK*599968*UP*732336370402
PID*F****FELICIA BLUE MARGUERITE(.0634/2.4L)
PO4**1*EA
PO1*0012*12*EA*2.55**VP*605647*SK*605647*UP*732336360106
PID*F****BACOPA SNOWFLAKE 1G(.0635/2.4L)
PO4**1*EA
PO1*0013*2*EA*2.17**VP*607895*SK*607895*UP*732336352651
PID*F****SNAPDRAGON 1G (.0634G/2.4L)
PO4**1*EA
PO1*0014*2*EA*2.17**VP*607959*SK*607959*UP*732336352101
PID*F****PRIMULA 1G .0634G/2.4L)
PO4**1*EA
PO1*0015*15*EA*2.17**VP*608596*SK*608596*UP*732336350909
PID*F****IMPATIEN 1G (.06354G/2.4L)
PO4**1*EA
PO1*0016*14*EA*3.1**VP*610961*SK*610961*UP*732336376008
PID*F****GERBERA DAISY 1G(.0634G/2.4L)
PO4**1*EA
PO1*0017*7*EA*2.7**VP*611017*SK*611017*UP*732336372000
PID*F****GERANIUM ZONAL 1G(.0634G/2.4L)
PO4**1*EA
PO1*0018*3*EA*1.9**VP*611248*SK*611248*UP*732336090003
PID*F****PERENNIAL 1QT (25.36FLOZ/750ML)
PO4**1*EA
PO1*0019*29*EA*2.45**VP*612568*SK*612568*UP*732336093004
PID*F****SUCCULENT QT (25.36FLOZ/750ML)
PO4**1*EA
PO1*0020*2*EA*2.49**VP*613218*SK*613218*UP*732336440006
PID*F****PERENNIAL WINNER GRANDE
PO4**1*EA
PO1*0021*3*EA*10.75**VP*613605*SK*613605*UP*732336400109
PID*F****HB ANNUAL 10IN.
PO4**1*EA
PO1*0022*4*EA*2.56**VP*614474*SK*614474*UP*732336096500
PID*F****ROSE MINI 1 QT(25.36FLOZ/750ML)
PO4**16*EA
PO1*0023*4*EA*7.65**VP*614519*SK*614519*UP*732336170002
PID*F****ANNUAL HALF FLATS ASST(1.1G/4L)
PO4**1*EA
PO1*0024*7*EA*2.55**VP*617732*SK*617732*UP*732336370501
PID*F****MUM MARGUERITE DAISY 1G(.0634/2.4L)
PO4**1*EA
PO1*0025*4*EA*10.3**VP*888117*SK*888117*UP*732336480507
PID*F****CYCLAMEN CACHE 10IN.
PO4**1*EA
CTT*25*418
AMT*TT*1381.57
SE*89*000080722
ST*850*000080723
BEG*00*CN*70017205**20091120*6670017205
CUR*BY*USD
DTM*038*20091121
N1*OB**92*6670
N3*110 E SEPULVEDA BLVD
N4*CARSON*CA*90745
REF*DP*028
REF*3J*0005
REF*MR*0000073179
REF*AGL*DTS STORE
PO1*0001*2*EA*1.25**VP*REF 453129*SK*533411*UP*732336320001
PID*F****HERB 4 IN. (15 FL.OZ./42ML)
PO4**1*EA
PO1*0002*5*EA*2.45**VP*612568*SK*612568*UP*732336093004
PID*F****SUCCULENT QT (25.36FLOZ/750ML)
PO4**1*EA
PO1*0003*1*EA*2.56**VP*614474*SK*614474*UP*732336096500
PID*F****ROSE MINI 1 QT(25.36FLOZ/750ML)
PO4**16*EA
CTT*3*8
AMT*TT*26.78
SE*23*000080723
ST*850*000080724
BEG*00*CN*73026094**20091120*6673026094
CUR*BY*USD
DTM*038*20091121
N1*OB**92*6673
N3*9700 LOWER AZUSA ROAD
N4*EL MONTE*CA*91731
REF*DP*028
REF*3J*0005
REF*MR*0000073179
REF*AGL*DTS STORE
PO1*0002*1*EA*1.89**VP*JP VEGGIE*SK*582185*UP*732336280008
PID*F****VEGETABLE JUMBO 6PLT/PK(1.1QT/1L)
PO4**1*EA
PO1*0001*3*EA*1.25**VP*REF 453129*SK*533411*UP*732336320001
PID*F****HERB 4 IN. (15 FL.OZ./42ML)
PO4**1*EA
PO1*0003*3*EA*4.2**VP*582756*SK*582756*UP*732336371027
PID*F****LILIUM ASIATIC LILY 1G (.0634G/2.4L)
PO4**1*EA
PO1*0004*6*EA*2.45**VP*612568*SK*612568*UP*732336093004
PID*F****SUCCULENT QT (25.36FLOZ/750ML)
PO4**1*EA
CTT*4*13
AMT*TT*51.74
SE*26*000080724
GE*3*9634
IEA*1*000011219
ISA*00*          *00*          *14*072271711USAP  *01*148468275      *091120*1001*^*00406*000002606*1*P*>
GS*RA*072271711USAP*148468275*20091120*1001*2596*X*004060
ST*820*2596
BPR*I*57952.16*C*CHK*PBC
TRN*1*2006150129
CUR*BY*USD
REF*ZZ*0001447083
DTM*020*20091120
N1*PE*COLORAMA WHOLESALE NURSERY
REF*VR*187714
N1*PR*HOME DEPOT U.S.A., INC.
ENT*1
RMR*OS*06383362**-5.64*-5.64*0*CM*0
REF*PO*CONSIGNM
DTM*999*20091118
RMR*OS*06455526**-1.04*-1.04*0*CM*0
REF*PO*CONSIGNM
DTM*999*20091117
RMR*OS*06455546**-6.9*-6.9*0*CM*0
REF*PO*CONSIGNM
DTM*999*20091118
RMR*OS*06534719**-2.25*-2.25*0*CM*0
REF*PO*CONSIGNM
DTM*999*20091117
RMR*OS*06534729**-19.82*-19.82*0*CM*0
REF*PO*CONSIGNM
DTM*999*20091118
RMR*OS*06658115**-9.29*-9.29*0*CM*0
REF*PO*CONSIGNM
DTM*999*20091117
RMR*OS*06658136**-7.65*-7.65*0*CM*0
REF*PO*CONSIGNM
DTM*999*20091118
RMR*OS*06677682**-39.46*-39.46*0*CM*0
REF*PO*CONSIGNM
DTM*999*20091117
RMR*OS*06677729**-82.63*-82.63*0*CM*0
REF*PO*CONSIGNM
DTM*999*20091118
RMR*OS*06795296**-3.56*-3.56*0*CM*0
REF*PO*CONSIGNM
DTM*999*20091118
RMR*OS*06834165**-76.5*-76.5*0*CM*0
REF*PO*CONSIGNM
DTM*999*20091118
RMR*OS*06876885**-8.66*-8.66*0*CM*0
REF*PO*CONSIGNM
DTM*999*20091117
RMR*OS*06876916**-8.29*-8.29*0*CM*0
REF*PO*CONSIGNM
DTM*999*20091118
RMR*OS*10025451**-4.34*-4.34*0*CM*0
REF*PO*CONSIGNM
DTM*999*20091118
RMR*OS*10129691**-6.88*-6.88*0*CM*0
REF*PO*CONSIGNM
DTM*999*20091117
RMR*OS*10134879**-1.78*-1.78*0*CM*0
REF*PO*CONSIGNM
DTM*999*20091117
RMR*OS*10134889**-18.59*-18.59*0*CM*0
REF*PO*CONSIGNM
DTM*999*20091118
RMR*OS*10287908**-8.46*-8.46*0*CM*0
REF*PO*CONSIGNM
DTM*999*20091117
RMR*OS*10287931**-16.97*-16.97*0*CM*0
REF*PO*CONSIGNM
DTM*999*20091118
RMR*OS*10314030**-28.8*-28.8*0*CM*0
REF*PO*CONSIGNM
DTM*999*20091117
RMR*OS*10401932**-27.52*-27.52*0*CM*0
REF*PO*CONSIGNM
DTM*999*20091118
RMR*OS*10526794**-21*-21*0*CM*0
REF*PO*CONSIGNM
DTM*999*20091117
RMR*OS*10557423**-0.87*-0.87*0*CM*0
REF*PO*CONSIGNM
DTM*999*20091118
RMR*OS*10838800**-18.54*-18.54*0*CM*0
REF*PO*CONSIGNM
DTM*999*20091117
RMR*OS*10838817**-101.8*-101.8*0*CM*0
REF*PO*CONSIGNM
DTM*999*20091118
RMR*OS*18440793**-2.45*-2.45*0*CM*0
REF*PO*CONSIGNM
DTM*999*20091117
RMR*OS*18440809**-4.9*-4.9*0*CM*0
REF*PO*CONSIGNM
DTM*999*20091118
RMR*OS*66143033**-6.6*-6.6*0*CM*0
REF*PO*CONSIGNM
DTM*999*20091118
RMR*OS*66179971**-2.45*-2.45*0*CM*0
REF*PO*CONSIGNM
DTM*999*20091117
RMR*OS*66234028**-11*-11*0*CM*0
REF*PO*CONSIGNM
DTM*999*20091117
RMR*OS*66234057**-3.56*-3.56*0*CM*0
REF*PO*CONSIGNM
DTM*999*20091118
RMR*OS*66298285**-112.42*-112.42*0*CM*0
REF*PO*CONSIGNM
DTM*999*20091118
RMR*OS*66301486**-47.47*-47.47*0*CM*0
REF*PO*CONSIGNM
DTM*999*20091117
RMR*OS*66301488**-13.32*-13.32*0*CM*0
REF*PO*CONSIGNM
DTM*999*20091118
RMR*OS*66375022**-40.07*-40.07*0*CM*0
REF*PO*CONSIGNM
DTM*999*20091118
RMR*OS*66382285**-15.3*-15.3*0*CM*0
REF*PO*CONSIGNM
DTM*999*20091117
RMR*OS*66382305**-1.78*-1.78*0*CM*0
REF*PO*CONSIGNM
DTM*999*20091118
RMR*OS*66404286**-7.74*-7.74*0*CM*0
REF*PO*CONSIGNM
DTM*999*20091117
RMR*OS*66436534**-12.46*-12.46*0*CM*0
REF*PO*CONSIGNM
DTM*999*20091118
RMR*OS*66450426**-7.65*-7.65*0*CM*0
REF*PO*CONSIGNM
DTM*999*20091118
RMR*OS*66624834**-11.31*-11.31*0*CM*0
REF*PO*CONSIGNM
DTM*999*20091117
RMR*OS*66624908**-68.6*-68.6*0*CM*0
REF*PO*CONSIGNM
DTM*999*20091118
RMR*OS*66737779**-4.1*-4.1*0*CM*0
REF*PO*CONSIGNM
DTM*999*20091117
RMR*OS*66835405**-5.34*-5.34*0*CM*0
REF*PO*CONSIGNM
DTM*999*20091117
RMR*OS*68742994**-29.8*-29.8*0*CM*0
REF*PO*CONSIGNM
DTM*999*20091117
RMR*OS*69602759**-3.56*-3.56*0*CM*0
REF*PO*CONSIGNM
DTM*999*20091118
RMR*OS*69728819**-5.16*-5.16*0*CM*0
REF*PO*CONSIGNM
DTM*999*20091117
RMR*OS*69728824**-7.68*-7.68*0*CM*0
REF*PO*CONSIGNM
DTM*999*20091118
RMR*OS*85268839**-1.78*-1.78*0*CM*0
REF*PO*CONSIGNM
DTM*999*20091117
RMR*OS*85268857**-16.34*-16.34*0*CM*0
REF*PO*CONSIGNM
DTM*999*20091118
RMR*OS*89872151**-5.2*-5.2*0*CM*0
REF*PO*CONSIGNM
DTM*999*20091117
RMR*OS*89888584**-7.47*-7.47*0*CM*0
REF*PO*CONSIGNM
DTM*999*20091118
RMR*IV*060740085**13.57*13.57*0*PT*0
REF*PO*0007094482
DTM*999*20091105
RMR*IV*060740161**20.13*20.13*0*PT*0
REF*PO*0007094502
DTM*999*20091106
RMR*IV*061161459**19.6*19.6*0*PT*0
REF*PO*0011024555
DTM*999*20091105
RMR*IV*061161580**21.55*21.55*0*PT*0
REF*PO*0011024576
DTM*999*20091106
RMR*IV*061889195**69.94*69.94*0*PT*0
REF*PO*0018010754
DTM*999*20091105
RMR*IV*061889333**192.22*192.22*0*PT*0
REF*PO*0018010775
DTM*999*20091106
RMR*IV*063828799**117.5*117.5*0*PT*0
REF*PO*0038065108
DTM*999*20091105
RMR*IV*063828843**106.07*106.07*0*PT*0
REF*PO*0038065120
DTM*999*20091106
RMR*IV*064564693**384.03*384.03*0*PT*0
REF*PO*0045080204
DTM*999*20091105
RMR*IV*064564799**347.29*347.29*0*PT*0
REF*PO*0045080222
DTM*999*20091106
RMR*IV*064886308**53.58*53.58*0*PT*0
REF*PO*0048052121
DTM*999*20091105
RMR*IV*064886388**106.1*106.1*0*PT*0
REF*PO*0048052143
DTM*999*20091106
RMR*IV*065310239**208.37*208.37*0*PT*0
REF*PO*0053061528
DTM*999*20091105
RMR*IV*065310333**454.25*454.25*0*PT*0
REF*PO*0053061542
DTM*999*20091106
RMR*IV*066581676**79.86*79.86*0*PT*0
REF*PO*0065011475
DTM*999*20091105
RMR*IV*066581746**81.43*81.43*0*PT*0
REF*PO*0065011485
DTM*999*20091106
RMR*IV*066766811**3392.03*3392.03*0*PT*0
REF*PO*0067011342
DTM*999*20091105
RMR*IV*066766952**2873.39*2873.39*0*PT*0
REF*PO*0067011360
DTM*999*20091106
RMR*IV*066827182**228.57*228.57*0*PT*0
REF*PO*0068014055
DTM*999*20091105
RMR*IV*066827334**500.53*500.53*0*PT*0
REF*PO*0068014067
DTM*999*20091106
RMR*IV*068342370**217.08*217.08*0*PT*0
REF*PO*0083016149
DTM*999*20091105
RMR*IV*068342479**187.53*187.53*0*PT*0
REF*PO*0083016166
DTM*999*20091106
RMR*IV*068746758**424.94*424.94*0*PT*0
REF*PO*0087060095
DTM*999*20091105
RMR*IV*068746857**433.61*433.61*0*PT*0
REF*PO*0087060110
DTM*999*20091106
RMR*IV*100523349**21.68*21.68*0*PT*0
REF*PO*0005049543
DTM*999*20091105
RMR*IV*100523471**48.4*48.4*0*PT*0
REF*PO*0005049560
DTM*999*20091106
RMR*IV*101294371**594.5*594.5*0*PT*0
REF*PO*0012091783
DTM*999*20091105
RMR*IV*101294462**486.34*486.34*0*PT*0
REF*PO*0012091810
DTM*999*20091106
RMR*IV*101388215**1060.25*1060.25*0*PT*0
REF*PO*0013011879
DTM*999*20091105
RMR*IV*101388378**1307.08*1307.08*0*PT*0
REF*PO*0013011900
DTM*999*20091106
RMR*IV*102869896**609.25*609.25*0*PT*0
REF*PO*0028034621
DTM*999*20091105
RMR*IV*102870056**633.28*633.28*0*PT*0
REF*PO*0028034636
DTM*999*20091106
RMR*IV*103134842**275.57*275.57*0*PT*0
REF*PO*0031015983
DTM*999*20091105
RMR*IV*103134946**198.2*198.2*0*PT*0
REF*PO*0031015999
DTM*999*20091106
RMR*IV*104092784**444.63*444.63*0*PT*0
REF*PO*0040086551
DTM*999*20091105
RMR*IV*104092933**365.8*365.8*0*PT*0
REF*PO*0040086583
DTM*999*20091106
RMR*IV*105262313**680.62*680.62*0*PT*0
REF*PO*0052082860
DTM*999*20091105
RMR*IV*105262458**612.63*612.63*0*PT*0
REF*PO*0052082878
DTM*999*20091106
RMR*IV*105595564**394.98*394.98*0*PT*0
REF*PO*0055055448
DTM*999*20091105
RMR*IV*105595673**541.08*541.08*0*PT*0
REF*PO*0055055466
DTM*999*20091106
RMR*IV*106247245**77.45*77.45*0*PT*0
REF*PO*0062087829
DTM*999*20091105
RMR*IV*106247370**111.53*111.53*0*PT*0
REF*PO*0062087841
DTM*999*20091106
RMR*IV*108349553**576.36*576.36*0*PT*0
REF*PO*0083013338
DTM*999*20091105
RMR*IV*108349670**508.41*508.41*0*PT*0
REF*PO*0083013349
DTM*999*20091106
RMR*IV*108949147**87.34*87.34*0*PT*0
REF*PO*0089052835
DTM*999*20091105
RMR*IV*108949225**124.7*124.7*0*PT*0
REF*PO*0089052853
DTM*999*20091106
RMR*IV*184497309**136.29*136.29*0*PT*0
REF*PO*0044054392
DTM*999*20091105
RMR*IV*184497421**94.32*94.32*0*PT*0
REF*PO*0044054402
DTM*999*20091106
RMR*IV*184575101**284.55*284.55*0*PT*0
REF*PO*0045093266
DTM*999*20091105
RMR*IV*184575191**340.84*340.84*0*PT*0
REF*PO*0045093288
DTM*999*20091106
RMR*IV*185763431**164.67*164.67*0*PT*0
REF*PO*0057014063
DTM*999*20091105
RMR*IV*185763530**119.34*119.34*0*PT*0
REF*PO*0057014076
DTM*999*20091106
RMR*IV*458772**153*153*0*PT*0
REF*PO*0087058018
DTM*999*20091017
RMR*IV*458954**232.5*232.5*0*PT*0
REF*PO*0038043183
DTM*999*20091021
RMR*IV*458961**93*93*0*PT*0
REF*PO*0040043088
DTM*999*20091021
RMR*IV*458978**186*186*0*PT*0
REF*PO*0083014366
DTM*999*20091021
RMR*IV*458979**186*186*0*PT*0
REF*PO*0018008906
DTM*999*20091021
RMR*IV*458995**372*372*0*PT*0
REF*PO*0005047617
DTM*999*20091021
RMR*IV*458998**139.5*139.5*0*PT*0
REF*PO*0083071207
DTM*999*20091021
RMR*IV*459000**232.5*232.5*0*PT*0
REF*PO*0011022892
DTM*999*20091021
RMR*IV*459004**186*186*0*PT*0
REF*PO*0083011484
DTM*999*20091021
RMR*IV*459008**2668.92*2668.92*0*PT*0
REF*PO*0002085237
DTM*999*20091022
RMR*IV*459009**139.5*139.5*0*PT*0
REF*PO*0060034868
DTM*999*20091021
RMR*IV*459011**186*186*0*PT*0
REF*PO*0055053715
DTM*999*20091021
RMR*IV*459036**209.25*209.25*0*PT*0
REF*PO*0023039924
DTM*999*20091022
RMR*IV*459038**348.75*348.75*0*PT*0
REF*PO*0051007242
DTM*999*20091022
RMR*IV*459043**186*186*0*PT*0
REF*PO*0028033004
DTM*999*20091022
RMR*IV*459044**372*372*0*PT*0
REF*PO*0083057887
DTM*999*20091022
RMR*IV*459057**279*279*0*PT*0
REF*PO*0045077820
DTM*999*20091022
RMR*IV*459200**348.75*348.75*0*PT*0
REF*PO*0045091524
DTM*999*20091022
RMR*IV*459203**372*372*0*PT*0
REF*PO*0012089611
DTM*999*20091022
RMR*IV*459358**279*279*0*PT*0
REF*PO*0038063488
DTM*999*20091022
RMR*IV*459359**988.8*988.8*0*PT*0
REF*PO*0074073488
DTM*999*20091022
RMR*IV*459414**988.8*988.8*0*PT*0
REF*PO*0030086121
DTM*999*20091022
RMR*IV*661459583**150.42*150.42*0*PT*0
REF*PO*0014029663
DTM*999*20091105
RMR*IV*661459730**152.49*152.49*0*PT*0
REF*PO*0014029683
DTM*999*20091106
RMR*IV*661757787**50.38*50.38*0*PT*0
REF*PO*0017017224
DTM*999*20091105
RMR*IV*661757907**40.97*40.97*0*PT*0
REF*PO*0017017241
DTM*999*20091106
RMR*IV*662315165**683.45*683.45*0*PT*0
REF*PO*0023042070
DTM*999*20091105
RMR*IV*662315298**701.02*701.02*0*PT*0
REF*PO*0023042092
DTM*999*20091106
RMR*IV*662905695**411.62*411.62*0*PT*0
REF*PO*0029005006
DTM*999*20091105
RMR*IV*662905957**471.3*471.3*0*PT*0
REF*PO*0029005028
DTM*999*20091106
RMR*IV*663057258**2906.01*2906.01*0*PT*0
REF*PO*0030087884
DTM*999*20091105
RMR*IV*663057450**3875.71*3875.71*0*PT*0
REF*PO*0030087907
DTM*999*20091106
RMR*IV*663782512**488.32*488.32*0*PT*0
REF*PO*0037018717
DTM*999*20091105
RMR*IV*663782709**653.03*653.03*0*PT*0
REF*PO*0037018735
DTM*999*20091106
RMR*IV*663894822**392.86*392.86*0*PT*0
REF*PO*0038045233
DTM*999*20091105
RMR*IV*663894900**311.31*311.31*0*PT*0
REF*PO*0038045242
DTM*999*20091106
RMR*IV*664086377**466.64*466.64*0*PT*0
REF*PO*0040045057
DTM*999*20091105
RMR*IV*664086533**777.02*777.02*0*PT*0
REF*PO*0040045082
DTM*999*20091106
RMR*IV*664513949**183.94*183.94*0*PT*0
REF*PO*0045070923
DTM*999*20091105
RMR*IV*664514077**270.18*270.18*0*PT*0
REF*PO*0045070940
DTM*999*20091106
RMR*IV*665171100**179.58*179.58*0*PT*0
REF*PO*0051009107
DTM*999*20091105
RMR*IV*665171186**329.99*329.99*0*PT*0
REF*PO*0051009117
DTM*999*20091106
RMR*IV*666244044**2072.23*2072.23*0*PT*0
REF*PO*0062055349
DTM*999*20091105
RMR*IV*666244196**1775.08*1775.08*0*PT*0
REF*PO*0062055366
DTM*999*20091106
RMR*IV*666330558**3.45*3.45*0*PT*0
REF*PO*0063074413
DTM*999*20091105
RMR*IV*666330664**1.25*1.25*0*PT*0
REF*PO*0063074430
DTM*999*20091106
RMR*IV*667072967**3.14*3.14*0*PT*0
REF*PO*0070015956
DTM*999*20091105
RMR*IV*667073061**28.2*28.2*0*PT*0
REF*PO*0070015967
DTM*999*20091106
RMR*IV*667388256**23.92*23.92*0*PT*0
REF*PO*0073024688
DTM*999*20091105
RMR*IV*667388407**37.41*37.41*0*PT*0
REF*PO*0073024715
DTM*999*20091106
RMR*IV*668131801**270.99*270.99*0*PT*0
REF*PO*0081013805
DTM*999*20091105
RMR*IV*668131905**255.79*255.79*0*PT*0
REF*PO*0081013815
DTM*999*20091106
RMR*IV*668320364**337.43*337.43*0*PT*0
REF*PO*0083073702
DTM*999*20091105
RMR*IV*668320486**370.78*370.78*0*PT*0
REF*PO*0083073723
DTM*999*20091106
RMR*IV*683474289**141.66*141.66*0*PT*0
REF*PO*0034020762
DTM*999*20091105
RMR*IV*683474425**302.68*302.68*0*PT*0
REF*PO*0034020778
DTM*999*20091106
RMR*IV*687439069**631.07*631.07*0*PT*0
REF*PO*0074075291
DTM*999*20091105
RMR*IV*687439188**781.02*781.02*0*PT*0
REF*PO*0074075311
DTM*999*20091106
RMR*IV*687550836**2.82*2.82*0*PT*0
REF*PO*0075079768
DTM*999*20091106
RMR*IV*687656765**206.66*206.66*0*PT*0
REF*PO*0076092799
DTM*999*20091105
RMR*IV*687656854**530.1*530.1*0*PT*0
REF*PO*0076092816
DTM*999*20091106
RMR*IV*688332020**78.48*78.48*0*PT*0
REF*PO*0083059452
DTM*999*20091105
RMR*IV*688332093**55.98*55.98*0*PT*0
REF*PO*0083059461
DTM*999*20091106
RMR*IV*688429782**365.68*365.68*0*PT*0
REF*PO*0084045653
DTM*999*20091105
RMR*IV*688429872**655.48*655.48*0*PT*0
REF*PO*0084045664
DTM*999*20091106
RMR*IV*696098397**303.96*303.96*0*PT*0
REF*PO*0060036532
DTM*999*20091105
RMR*IV*696098498**127.27*127.27*0*PT*0
REF*PO*0060036545
DTM*999*20091106
RMR*IV*697164474**104.27*104.27*0*PT*0
REF*PO*0071095020
DTM*999*20091105
RMR*IV*697164550**101.09*101.09*0*PT*0
REF*PO*0071095034
DTM*999*20091106
RMR*IV*697256051**25.74*25.74*0*PT*0
REF*PO*0072005757
DTM*999*20091105
RMR*IV*697256129**67.01*67.01*0*PT*0
REF*PO*0072005840
DTM*999*20091106
RMR*IV*846350354**77.3*77.3*0*PT*0
REF*PO*0063076106
DTM*999*20091105
RMR*IV*846350454**106.13*106.13*0*PT*0
REF*PO*0063076119
DTM*999*20091106
RMR*IV*852682656**1709.45*1709.45*0*PT*0
REF*PO*0026006442
DTM*999*20091105
RMR*IV*852682829**1866.25*1866.25*0*PT*0
REF*PO*0026006468
DTM*999*20091106
RMR*IV*898783599**521.1*521.1*0*PT*0
REF*PO*0087063366
DTM*999*20091105
RMR*IV*898783736**554.32*554.32*0*PT*0
REF*PO*0087063384
DTM*999*20091106
RMR*IV*898820046**119.29*119.29*0*PT*0
REF*PO*0088055774
DTM*999*20091105
RMR*IV*898820175**243.66*243.66*0*PT*0
REF*PO*0088055789
DTM*999*20091106
SE*560*2596
GE*1*2596
IEA*1*000002606
