ISA*00*          *00*          *14*072271711USAP  *01*148468275      *091120*1001*^*00406*000002606*1*P*>
GS*RA*072271711USAP*148468275*20091120*1001*2596*X*004060
ST*820*2596
BPR*I*57952.16*C*CHK*PBC
TRN*1*2006150129
CUR*BY*USD
REF*ZZ*0001447083
DTM*020*20091120
N1*PE*COLORAMA WHOLESALE NURSERY
REF*VR*187714
N1*PR*HOME DEPOT U.S.A., INC.
ENT*1
RMR*OS*06383362**-5.64*-5.64*0*CM*0
REF*PO*CONSIGNM
DTM*999*20091118
RMR*OS*06455526**-1.04*-1.04*0*CM*0
REF*PO*CONSIGNM
DTM*999*20091117
RMR*OS*06455546**-6.9*-6.9*0*CM*0
REF*PO*CONSIGNM
DTM*999*20091118
RMR*OS*06534719**-2.25*-2.25*0*CM*0
REF*PO*CONSIGNM
DTM*999*20091117
RMR*OS*06534729**-19.82*-19.82*0*CM*0
REF*PO*CONSIGNM
DTM*999*20091118
RMR*OS*06658115**-9.29*-9.29*0*CM*0
REF*PO*CONSIGNM
DTM*999*20091117
RMR*OS*06658136**-7.65*-7.65*0*CM*0
REF*PO*CONSIGNM
DTM*999*20091118
RMR*OS*06677682**-39.46*-39.46*0*CM*0
REF*PO*CONSIGNM
DTM*999*20091117
RMR*OS*06677729**-82.63*-82.63*0*CM*0
REF*PO*CONSIGNM
DTM*999*20091118
RMR*OS*06795296**-3.56*-3.56*0*CM*0
REF*PO*CONSIGNM
DTM*999*20091118
RMR*OS*06834165**-76.5*-76.5*0*CM*0
REF*PO*CONSIGNM
DTM*999*20091118
RMR*OS*06876885**-8.66*-8.66*0*CM*0
REF*PO*CONSIGNM
DTM*999*20091117
RMR*OS*06876916**-8.29*-8.29*0*CM*0
REF*PO*CONSIGNM
DTM*999*20091118
RMR*OS*10025451**-4.34*-4.34*0*CM*0
REF*PO*CONSIGNM
DTM*999*20091118
RMR*OS*10129691**-6.88*-6.88*0*CM*0
REF*PO*CONSIGNM
DTM*999*20091117
RMR*OS*10134879**-1.78*-1.78*0*CM*0
REF*PO*CONSIGNM
DTM*999*20091117
RMR*OS*10134889**-18.59*-18.59*0*CM*0
REF*PO*CONSIGNM
DTM*999*20091118
RMR*OS*10287908**-8.46*-8.46*0*CM*0
REF*PO*CONSIGNM
DTM*999*20091117
RMR*OS*10287931**-16.97*-16.97*0*CM*0
REF*PO*CONSIGNM
DTM*999*20091118
RMR*OS*10314030**-28.8*-28.8*0*CM*0
REF*PO*CONSIGNM
DTM*999*20091117
RMR*OS*10401932**-27.52*-27.52*0*CM*0
REF*PO*CONSIGNM
DTM*999*20091118
RMR*OS*10526794**-21*-21*0*CM*0
REF*PO*CONSIGNM
DTM*999*20091117
RMR*OS*10557423**-0.87*-0.87*0*CM*0
REF*PO*CONSIGNM
DTM*999*20091118
RMR*OS*10838800**-18.54*-18.54*0*CM*0
REF*PO*CONSIGNM
DTM*999*20091117
RMR*OS*10838817**-101.8*-101.8*0*CM*0
REF*PO*CONSIGNM
DTM*999*20091118
RMR*OS*18440793**-2.45*-2.45*0*CM*0
REF*PO*CONSIGNM
DTM*999*20091117
RMR*OS*18440809**-4.9*-4.9*0*CM*0
REF*PO*CONSIGNM
DTM*999*20091118
RMR*OS*66143033**-6.6*-6.6*0*CM*0
REF*PO*CONSIGNM
DTM*999*20091118
RMR*OS*66179971**-2.45*-2.45*0*CM*0
REF*PO*CONSIGNM
DTM*999*20091117
RMR*OS*66234028**-11*-11*0*CM*0
REF*PO*CONSIGNM
DTM*999*20091117
RMR*OS*66234057**-3.56*-3.56*0*CM*0
REF*PO*CONSIGNM
DTM*999*20091118
RMR*OS*66298285**-112.42*-112.42*0*CM*0
REF*PO*CONSIGNM
DTM*999*20091118
RMR*OS*66301486**-47.47*-47.47*0*CM*0
REF*PO*CONSIGNM
DTM*999*20091117
RMR*OS*66301488**-13.32*-13.32*0*CM*0
REF*PO*CONSIGNM
DTM*999*20091118
RMR*OS*66375022**-40.07*-40.07*0*CM*0
REF*PO*CONSIGNM
DTM*999*20091118
RMR*OS*66382285**-15.3*-15.3*0*CM*0
REF*PO*CONSIGNM
DTM*999*20091117
RMR*OS*66382305**-1.78*-1.78*0*CM*0
REF*PO*CONSIGNM
DTM*999*20091118
RMR*OS*66404286**-7.74*-7.74*0*CM*0
REF*PO*CONSIGNM
DTM*999*20091117
RMR*OS*66436534**-12.46*-12.46*0*CM*0
REF*PO*CONSIGNM
DTM*999*20091118
RMR*OS*66450426**-7.65*-7.65*0*CM*0
REF*PO*CONSIGNM
DTM*999*20091118
RMR*OS*66624834**-11.31*-11.31*0*CM*0
REF*PO*CONSIGNM
DTM*999*20091117
RMR*OS*66624908**-68.6*-68.6*0*CM*0
REF*PO*CONSIGNM
DTM*999*20091118
RMR*OS*66737779**-4.1*-4.1*0*CM*0
REF*PO*CONSIGNM
DTM*999*20091117
RMR*OS*66835405**-5.34*-5.34*0*CM*0
REF*PO*CONSIGNM
DTM*999*20091117
RMR*OS*68742994**-29.8*-29.8*0*CM*0
REF*PO*CONSIGNM
DTM*999*20091117
RMR*OS*69602759**-3.56*-3.56*0*CM*0
REF*PO*CONSIGNM
DTM*999*20091118
RMR*OS*69728819**-5.16*-5.16*0*CM*0
REF*PO*CONSIGNM
DTM*999*20091117
RMR*OS*69728824**-7.68*-7.68*0*CM*0
REF*PO*CONSIGNM
DTM*999*20091118
RMR*OS*85268839**-1.78*-1.78*0*CM*0
REF*PO*CONSIGNM
DTM*999*20091117
RMR*OS*85268857**-16.34*-16.34*0*CM*0
REF*PO*CONSIGNM
DTM*999*20091118
RMR*OS*89872151**-5.2*-5.2*0*CM*0
REF*PO*CONSIGNM
DTM*999*20091117
RMR*OS*89888584**-7.47*-7.47*0*CM*0
REF*PO*CONSIGNM
DTM*999*20091118
RMR*IV*060740085**13.57*13.57*0*PT*0
REF*PO*0007094482
DTM*999*20091105
RMR*IV*060740161**20.13*20.13*0*PT*0
REF*PO*0007094502
DTM*999*20091106
RMR*IV*061161459**19.6*19.6*0*PT*0
REF*PO*0011024555
DTM*999*20091105
RMR*IV*061161580**21.55*21.55*0*PT*0
REF*PO*0011024576
DTM*999*20091106
RMR*IV*061889195**69.94*69.94*0*PT*0
REF*PO*0018010754
DTM*999*20091105
RMR*IV*061889333**192.22*192.22*0*PT*0
REF*PO*0018010775
DTM*999*20091106
RMR*IV*063828799**117.5*117.5*0*PT*0
REF*PO*0038065108
DTM*999*20091105
RMR*IV*063828843**106.07*106.07*0*PT*0
REF*PO*0038065120
DTM*999*20091106
RMR*IV*064564693**384.03*384.03*0*PT*0
REF*PO*0045080204
DTM*999*20091105
RMR*IV*064564799**347.29*347.29*0*PT*0
REF*PO*0045080222
DTM*999*20091106
RMR*IV*064886308**53.58*53.58*0*PT*0
REF*PO*0048052121
DTM*999*20091105
RMR*IV*064886388**106.1*106.1*0*PT*0
REF*PO*0048052143
DTM*999*20091106
RMR*IV*065310239**208.37*208.37*0*PT*0
REF*PO*0053061528
DTM*999*20091105
RMR*IV*065310333**454.25*454.25*0*PT*0
REF*PO*0053061542
DTM*999*20091106
RMR*IV*066581676**79.86*79.86*0*PT*0
REF*PO*0065011475
DTM*999*20091105
RMR*IV*066581746**81.43*81.43*0*PT*0
REF*PO*0065011485
DTM*999*20091106
RMR*IV*066766811**3392.03*3392.03*0*PT*0
REF*PO*0067011342
DTM*999*20091105
RMR*IV*066766952**2873.39*2873.39*0*PT*0
REF*PO*0067011360
DTM*999*20091106
RMR*IV*066827182**228.57*228.57*0*PT*0
REF*PO*0068014055
DTM*999*20091105
RMR*IV*066827334**500.53*500.53*0*PT*0
REF*PO*0068014067
DTM*999*20091106
RMR*IV*068342370**217.08*217.08*0*PT*0
REF*PO*0083016149
DTM*999*20091105
RMR*IV*068342479**187.53*187.53*0*PT*0
REF*PO*0083016166
DTM*999*20091106
RMR*IV*068746758**424.94*424.94*0*PT*0
REF*PO*0087060095
DTM*999*20091105
RMR*IV*068746857**433.61*433.61*0*PT*0
REF*PO*0087060110
DTM*999*20091106
RMR*IV*100523349**21.68*21.68*0*PT*0
REF*PO*0005049543
DTM*999*20091105
RMR*IV*100523471**48.4*48.4*0*PT*0
REF*PO*0005049560
DTM*999*20091106
RMR*IV*101294371**594.5*594.5*0*PT*0
REF*PO*0012091783
DTM*999*20091105
RMR*IV*101294462**486.34*486.34*0*PT*0
REF*PO*0012091810
DTM*999*20091106
RMR*IV*101388215**1060.25*1060.25*0*PT*0
REF*PO*0013011879
DTM*999*20091105
RMR*IV*101388378**1307.08*1307.08*0*PT*0
REF*PO*0013011900
DTM*999*20091106
RMR*IV*102869896**609.25*609.25*0*PT*0
REF*PO*0028034621
DTM*999*20091105
RMR*IV*102870056**633.28*633.28*0*PT*0
REF*PO*0028034636
DTM*999*20091106
RMR*IV*103134842**275.57*275.57*0*PT*0
REF*PO*0031015983
DTM*999*20091105
RMR*IV*103134946**198.2*198.2*0*PT*0
REF*PO*0031015999
DTM*999*20091106
RMR*IV*104092784**444.63*444.63*0*PT*0
REF*PO*0040086551
DTM*999*20091105
RMR*IV*104092933**365.8*365.8*0*PT*0
REF*PO*0040086583
DTM*999*20091106
RMR*IV*105262313**680.62*680.62*0*PT*0
REF*PO*0052082860
DTM*999*20091105
RMR*IV*105262458**612.63*612.63*0*PT*0
REF*PO*0052082878
DTM*999*20091106
RMR*IV*105595564**394.98*394.98*0*PT*0
REF*PO*0055055448
DTM*999*20091105
RMR*IV*105595673**541.08*541.08*0*PT*0
REF*PO*0055055466
DTM*999*20091106
RMR*IV*106247245**77.45*77.45*0*PT*0
REF*PO*0062087829
DTM*999*20091105
RMR*IV*106247370**111.53*111.53*0*PT*0
REF*PO*0062087841
DTM*999*20091106
RMR*IV*108349553**576.36*576.36*0*PT*0
REF*PO*0083013338
DTM*999*20091105
RMR*IV*108349670**508.41*508.41*0*PT*0
REF*PO*0083013349
DTM*999*20091106
RMR*IV*108949147**87.34*87.34*0*PT*0
REF*PO*0089052835
DTM*999*20091105
RMR*IV*108949225**124.7*124.7*0*PT*0
REF*PO*0089052853
DTM*999*20091106
RMR*IV*184497309**136.29*136.29*0*PT*0
REF*PO*0044054392
DTM*999*20091105
RMR*IV*184497421**94.32*94.32*0*PT*0
REF*PO*0044054402
DTM*999*20091106
RMR*IV*184575101**284.55*284.55*0*PT*0
REF*PO*0045093266
DTM*999*20091105
RMR*IV*184575191**340.84*340.84*0*PT*0
REF*PO*0045093288
DTM*999*20091106
RMR*IV*185763431**164.67*164.67*0*PT*0
REF*PO*0057014063
DTM*999*20091105
RMR*IV*185763530**119.34*119.34*0*PT*0
REF*PO*0057014076
DTM*999*20091106
RMR*IV*458772**153*153*0*PT*0
REF*PO*0087058018
DTM*999*20091017
RMR*IV*458954**232.5*232.5*0*PT*0
REF*PO*0038043183
DTM*999*20091021
RMR*IV*458961**93*93*0*PT*0
REF*PO*0040043088
DTM*999*20091021
RMR*IV*458978**186*186*0*PT*0
REF*PO*0083014366
DTM*999*20091021
RMR*IV*458979**186*186*0*PT*0
REF*PO*0018008906
DTM*999*20091021
RMR*IV*458995**372*372*0*PT*0
REF*PO*0005047617
DTM*999*20091021
RMR*IV*458998**139.5*139.5*0*PT*0
REF*PO*0083071207
DTM*999*20091021
RMR*IV*459000**232.5*232.5*0*PT*0
REF*PO*0011022892
DTM*999*20091021
RMR*IV*459004**186*186*0*PT*0
REF*PO*0083011484
DTM*999*20091021
RMR*IV*459008**2668.92*2668.92*0*PT*0
REF*PO*0002085237
DTM*999*20091022
RMR*IV*459009**139.5*139.5*0*PT*0
REF*PO*0060034868
DTM*999*20091021
RMR*IV*459011**186*186*0*PT*0
REF*PO*0055053715
DTM*999*20091021
RMR*IV*459036**209.25*209.25*0*PT*0
REF*PO*0023039924
DTM*999*20091022
RMR*IV*459038**348.75*348.75*0*PT*0
REF*PO*0051007242
DTM*999*20091022
RMR*IV*459043**186*186*0*PT*0
REF*PO*0028033004
DTM*999*20091022
RMR*IV*459044**372*372*0*PT*0
REF*PO*0083057887
DTM*999*20091022
RMR*IV*459057**279*279*0*PT*0
REF*PO*0045077820
DTM*999*20091022
RMR*IV*459200**348.75*348.75*0*PT*0
REF*PO*0045091524
DTM*999*20091022
RMR*IV*459203**372*372*0*PT*0
REF*PO*0012089611
DTM*999*20091022
RMR*IV*459358**279*279*0*PT*0
REF*PO*0038063488
DTM*999*20091022
RMR*IV*459359**988.8*988.8*0*PT*0
REF*PO*0074073488
DTM*999*20091022
RMR*IV*459414**988.8*988.8*0*PT*0
REF*PO*0030086121
DTM*999*20091022
RMR*IV*661459583**150.42*150.42*0*PT*0
REF*PO*0014029663
DTM*999*20091105
RMR*IV*661459730**152.49*152.49*0*PT*0
REF*PO*0014029683
DTM*999*20091106
RMR*IV*661757787**50.38*50.38*0*PT*0
REF*PO*0017017224
DTM*999*20091105
RMR*IV*661757907**40.97*40.97*0*PT*0
REF*PO*0017017241
DTM*999*20091106
RMR*IV*662315165**683.45*683.45*0*PT*0
REF*PO*0023042070
DTM*999*20091105
RMR*IV*662315298**701.02*701.02*0*PT*0
REF*PO*0023042092
DTM*999*20091106
RMR*IV*662905695**411.62*411.62*0*PT*0
REF*PO*0029005006
DTM*999*20091105
RMR*IV*662905957**471.3*471.3*0*PT*0
REF*PO*0029005028
DTM*999*20091106
RMR*IV*663057258**2906.01*2906.01*0*PT*0
REF*PO*0030087884
DTM*999*20091105
RMR*IV*663057450**3875.71*3875.71*0*PT*0
REF*PO*0030087907
DTM*999*20091106
RMR*IV*663782512**488.32*488.32*0*PT*0
REF*PO*0037018717
DTM*999*20091105
RMR*IV*663782709**653.03*653.03*0*PT*0
REF*PO*0037018735
DTM*999*20091106
RMR*IV*663894822**392.86*392.86*0*PT*0
REF*PO*0038045233
DTM*999*20091105
RMR*IV*663894900**311.31*311.31*0*PT*0
REF*PO*0038045242
DTM*999*20091106
RMR*IV*664086377**466.64*466.64*0*PT*0
REF*PO*0040045057
DTM*999*20091105
RMR*IV*664086533**777.02*777.02*0*PT*0
REF*PO*0040045082
DTM*999*20091106
RMR*IV*664513949**183.94*183.94*0*PT*0
REF*PO*0045070923
DTM*999*20091105
RMR*IV*664514077**270.18*270.18*0*PT*0
REF*PO*0045070940
DTM*999*20091106
RMR*IV*665171100**179.58*179.58*0*PT*0
REF*PO*0051009107
DTM*999*20091105
RMR*IV*665171186**329.99*329.99*0*PT*0
REF*PO*0051009117
DTM*999*20091106
RMR*IV*666244044**2072.23*2072.23*0*PT*0
REF*PO*0062055349
DTM*999*20091105
RMR*IV*666244196**1775.08*1775.08*0*PT*0
REF*PO*0062055366
DTM*999*20091106
RMR*IV*666330558**3.45*3.45*0*PT*0
REF*PO*0063074413
DTM*999*20091105
RMR*IV*666330664**1.25*1.25*0*PT*0
REF*PO*0063074430
DTM*999*20091106
RMR*IV*667072967**3.14*3.14*0*PT*0
REF*PO*0070015956
DTM*999*20091105
RMR*IV*667073061**28.2*28.2*0*PT*0
REF*PO*0070015967
DTM*999*20091106
RMR*IV*667388256**23.92*23.92*0*PT*0
REF*PO*0073024688
DTM*999*20091105
RMR*IV*667388407**37.41*37.41*0*PT*0
REF*PO*0073024715
DTM*999*20091106
RMR*IV*668131801**270.99*270.99*0*PT*0
REF*PO*0081013805
DTM*999*20091105
RMR*IV*668131905**255.79*255.79*0*PT*0
REF*PO*0081013815
DTM*999*20091106
RMR*IV*668320364**337.43*337.43*0*PT*0
REF*PO*0083073702
DTM*999*20091105
RMR*IV*668320486**370.78*370.78*0*PT*0
REF*PO*0083073723
DTM*999*20091106
RMR*IV*683474289**141.66*141.66*0*PT*0
REF*PO*0034020762
DTM*999*20091105
RMR*IV*683474425**302.68*302.68*0*PT*0
REF*PO*0034020778
DTM*999*20091106
RMR*IV*687439069**631.07*631.07*0*PT*0
REF*PO*0074075291
DTM*999*20091105
RMR*IV*687439188**781.02*781.02*0*PT*0
REF*PO*0074075311
DTM*999*20091106
RMR*IV*687550836**2.82*2.82*0*PT*0
REF*PO*0075079768
DTM*999*20091106
RMR*IV*687656765**206.66*206.66*0*PT*0
REF*PO*0076092799
DTM*999*20091105
RMR*IV*687656854**530.1*530.1*0*PT*0
REF*PO*0076092816
DTM*999*20091106
RMR*IV*688332020**78.48*78.48*0*PT*0
REF*PO*0083059452
DTM*999*20091105
RMR*IV*688332093**55.98*55.98*0*PT*0
REF*PO*0083059461
DTM*999*20091106
RMR*IV*688429782**365.68*365.68*0*PT*0
REF*PO*0084045653
DTM*999*20091105
RMR*IV*688429872**655.48*655.48*0*PT*0
REF*PO*0084045664
DTM*999*20091106
RMR*IV*696098397**303.96*303.96*0*PT*0
REF*PO*0060036532
DTM*999*20091105
RMR*IV*696098498**127.27*127.27*0*PT*0
REF*PO*0060036545
DTM*999*20091106
RMR*IV*697164474**104.27*104.27*0*PT*0
REF*PO*0071095020
DTM*999*20091105
RMR*IV*697164550**101.09*101.09*0*PT*0
REF*PO*0071095034
DTM*999*20091106
RMR*IV*697256051**25.74*25.74*0*PT*0
REF*PO*0072005757
DTM*999*20091105
RMR*IV*697256129**67.01*67.01*0*PT*0
REF*PO*0072005840
DTM*999*20091106
RMR*IV*846350354**77.3*77.3*0*PT*0
REF*PO*0063076106
DTM*999*20091105
RMR*IV*846350454**106.13*106.13*0*PT*0
REF*PO*0063076119
DTM*999*20091106
RMR*IV*852682656**1709.45*1709.45*0*PT*0
REF*PO*0026006442
DTM*999*20091105
RMR*IV*852682829**1866.25*1866.25*0*PT*0
REF*PO*0026006468
DTM*999*20091106
RMR*IV*898783599**521.1*521.1*0*PT*0
REF*PO*0087063366
DTM*999*20091105
RMR*IV*898783736**554.32*554.32*0*PT*0
REF*PO*0087063384
DTM*999*20091106
RMR*IV*898820046**119.29*119.29*0*PT*0
REF*PO*0088055774
DTM*999*20091105
RMR*IV*898820175**243.66*243.66*0*PT*0
REF*PO*0088055789
DTM*999*20091106
SE*560*2596
GE*1*2596
IEA*1*000002606
