ISA*00*          *00*          *14*072271711USAP  *12*8048836527     *080428*0942*^*00406*000002995*1*P*>~GS*RA*072271711USAP*8048836527*20080428*0942*2985*X*004060~ST*820*2985~BPR*I*3005787.35*C*CHK*PBC~TRN*1*2002596646~CUR*BY*USD~REF*ZZ*0000446403~DTM*020*20080428~N1*PE*BELL NURSERY~REF*VR*12569~N1*PR*HOME DEPOT U.S.A., INC.~ENT*1~RMR*OS*16017640**-187.2*-187.2*0*CM*0~REF*PO*CONSIGNM~DTM*999*20080424~RMR*OS*16017698**-82.71*-82.71*0*CM*0~REF*PO*CONSIGNM~DTM*999*20080425~RMR*OS*16023509**-23.35*-23.35*0*CM*0~REF*PO*CONSIGNM~DTM*999*20080424~RMR*OS*16023526**-69.15*-69.15*0*CM*0~REF*PO*CONSIGNM~DTM*999*20080425~RMR*OS*16032659**-46.75*-46.75*0*CM*0~REF*PO*CONSIGNM~DTM*999*20080424~RMR*OS*16032689**-122.89*-122.89*0*CM*0~REF*PO*CONSIGNM~DTM*999*20080425~RMR*OS*16041289**-63.5*-63.5*0*CM*0~REF*PO*CONSIGNM~DTM*999*20080425~RMR*OS*16050900**-49.21*-49.21*0*CM*0~REF*PO*CONSIGNM~DTM*999*20080424~RMR*OS*16050953**-57.3*-57.3*0*CM*0~REF*PO*CONSIGNM~DTM*999*20080425~RMR*OS*16084968**-136.96*-136.96*0*CM*0~REF*PO*CONSIGNM~DTM*999*20080424~RMR*OS*16084989**-33.9*-33.9*0*CM*0~REF*PO*CONSIGNM~DTM*999*20080425~RMR*OS*23062100**-229.9*-229.9*0*CM*0~REF*PO*CONSIGNM~DTM*999*20080424~RMR*OS*23062102**-56.8*-56.8*0*CM*0~REF*PO*CONSIGNM~DTM*999*20080425~RMR*OS*23231658**-12*-12*0*CM*0~REF*PO*CONSIGNM~DTM*999*20080424~RMR*OS*23231670**-98.7*-98.7*0*CM*0~REF*PO*CONSIGNM~DTM*999*20080425~RMR*OS*23241857**-257.15*-257.15*0*CM*0~REF*PO*CONSIGNM~DTM*999*20080424~RMR*OS*23241858**-42.5*-42.5*0*CM*0~REF*PO*CONSIGNM~DTM*999*20080425~RMR*OS*25017266**-183.23*-183.23*0*CM*0~REF*PO*CONSIGNM~DTM*999*20080424~RMR*OS*25017293**-93.04*-93.04*0*CM*0~REF*PO*CONSIGNM~DTM*999*20080425~RMR*OS*25023369**-78.9*-78.9*0*CM*0~REF*PO*CONSIGNM~DTM*999*20080424~RMR*OS*25023380**-72*-72*0*CM*0~REF*PO*CONSIGNM~DTM*999*20080425~RMR*OS*25033082**-77.59*-77.59*0*CM*0~REF*PO*CONSIGNM~DTM*999*20080424~RMR*OS*25033096**-237.29*-237.29*0*CM*0~REF*PO*CONSIGNM~DTM*999*20080425~RMR*OS*25048653**-74.79*-74.79*0*CM*0~REF*PO*CONSIGNM~DTM*999*20080424~RMR*OS*25048680**-45.15*-45.15*0*CM*0~REF*PO*CONSIGNM~DTM*999*20080425~RMR*OS*25059002**-10.1*-10.1*0*CM*0~REF*PO*CONSIGNM~DTM*999*20080424~RMR*OS*25059029**-38.44*-38.44*0*CM*0~REF*PO*CONSIGNM~DTM*999*20080425~RMR*OS*25066695**-146*-146*0*CM*0~REF*PO*CONSIGNM~DTM*999*20080424~RMR*OS*25066715**-152.1*-152.1*0*CM*0~REF*PO*CONSIGNM~DTM*999*20080425~RMR*OS*25078696**-241.19*-241.19*0*CM*0~REF*PO*CONSIGNM~DTM*999*20080424~RMR*OS*25078709**-49.55*-49.55*0*CM*0~REF*PO*CONSIGNM~DTM*999*20080425~RMR*OS*25101435**-100.5*-100.5*0*CM*0~REF*PO*CONSIGNM~DTM*999*20080424~RMR*OS*25101443**-142.6*-142.6*0*CM*0~REF*PO*CONSIGNM~DTM*999*20080425~RMR*OS*25112953**-162.09*-162.09*0*CM*0~REF*PO*CONSIGNM~DTM*999*20080424~RMR*OS*25112962**-375.45*-375.45*0*CM*0~REF*PO*CONSIGNM~DTM*999*20080425~RMR*OS*25503804**-443.75*-443.75*0*CM*0~REF*PO*CONSIGNM~DTM*999*20080424~RMR*OS*25503849**-461.45*-461.45*0*CM*0~REF*PO*CONSIGNM~DTM*999*20080425~RMR*OS*25511504**-262*-262*0*CM*0~REF*PO*CONSIGNM~DTM*999*20080424~RMR*OS*25511533**-222.05*-222.05*0*CM*0~REF*PO*CONSIGNM~DTM*999*20080425~RMR*OS*25525991**-52.9*-52.9*0*CM*0~REF*PO*CONSIGNM~DTM*999*20080424~RMR*OS*25526040**-78.95*-78.95*0*CM*0~REF*PO*CONSIGNM~DTM*999*20080425~RMR*OS*25543288**-19.35*-19.35*0*CM*0~REF*PO*CONSIGNM~DTM*999*20080424~RMR*OS*25543312**-8.65*-8.65*0*CM*0~REF*PO*CONSIGNM~DTM*999*20080425~RMR*OS*25553267**-61.51*-61.51*0*CM*0~REF*PO*CONSIGNM~DTM*999*20080424~RMR*OS*25553272**-8.25*-8.25*0*CM*0~REF*PO*CONSIGNM~DTM*999*20080425~RMR*OS*25579182**-181.9*-181.9*0*CM*0~REF*PO*CONSIGNM~DTM*999*20080424~RMR*OS*25579200**-113.75*-113.75*0*CM*0~REF*PO*CONSIGNM~DTM*999*20080425~RMR*OS*25587304**-478.64*-478.64*0*CM*0~REF*PO*CONSIGNM~DTM*999*20080424~RMR*OS*25587320**-394.45*-394.45*0*CM*0~REF*PO*CONSIGNM~DTM*999*20080425~RMR*OS*25591161**-108.6*-108.6*0*CM*0~REF*PO*CONSIGNM~DTM*999*20080424~RMR*OS*25591182**-188*-188*0*CM*0~REF*PO*CONSIGNM~DTM*999*20080425~RMR*OS*25607197**-503.05*-503.05*0*CM*0~REF*PO*CONSIGNM~DTM*999*20080424~RMR*OS*25607213**-76.7*-76.7*0*CM*0~REF*PO*CONSIGNM~DTM*999*20080425~RMR*OS*25614564**-11.25*-11.25*0*CM*0~REF*PO*CONSIGNM~DTM*999*20080424~RMR*OS*25622257**-59.4*-59.4*0*CM*0~REF*PO*CONSIGNM~DTM*999*20080424~RMR*OS*25622297**-259.27*-259.27*0*CM*0~REF*PO*CONSIGNM~DTM*999*20080425~RMR*OS*25634626**-10.15*-10.15*0*CM*0~REF*PO*CONSIGNM~DTM*999*20080424~RMR*OS*25634629**-108.06*-108.06*0*CM*0~REF*PO*CONSIGNM~DTM*999*20080425~RMR*OS*25647955**-15.3*-15.3*0*CM*0~REF*PO*CONSIGNM~DTM*999*20080424~RMR*OS*25647967**-137.01*-137.01*0*CM*0~REF*PO*CONSIGNM~DTM*999*20080425~RMR*OS*25650369**-312*-312*0*CM*0~REF*PO*CONSIGNM~DTM*999*20080424~RMR*OS*25650377**-163.96*-163.96*0*CM*0~REF*PO*CONSIGNM~DTM*999*20080425~RMR*OS*25660061**-175.44*-175.44*0*CM*0~REF*PO*CONSIGNM~DTM*999*20080424~RMR*OS*25660077**-280.92*-280.92*0*CM*0~REF*PO*CONSIGNM~DTM*999*20080425~RMR*OS*25671987**-268.36*-268.36*0*CM*0~REF*PO*CONSIGNM~DTM*999*20080424~RMR*OS*25672006**-119.85*-119.85*0*CM*0~REF*PO*CONSIGNM~DTM*999*20080425~RMR*OS*25713410**-34.3*-34.3*0*CM*0~REF*PO*CONSIGNM~DTM*999*20080424~RMR*OS*25713425**-36*-36*0*CM*0~REF*PO*CONSIGNM~DTM*999*20080425~RMR*OS*25752397**-216.97*-216.97*0*CM*0~REF*PO*CONSIGNM~DTM*999*20080424~RMR*OS*25752421**-288.44*-288.44*0*CM*0~REF*PO*CONSIGNM~DTM*999*20080425~RMR*OS*25760003**-90.5*-90.5*0*CM*0~REF*PO*CONSIGNM~DTM*999*20080425~RMR*OS*25769982**-100.74*-100.74*0*CM*0~REF*PO*CONSIGNM~DTM*999*20080424~RMR*OS*25771732**-75.71*-75.71*0*CM*0~REF*PO*CONSIGNM~DTM*999*20080424~RMR*OS*25771740**-41.75*-41.75*0*CM*0~REF*PO*CONSIGNM~DTM*999*20080425~RMR*OS*25782974**-66.9*-66.9*0*CM*0~REF*PO*CONSIGNM~DTM*999*20080424~RMR*OS*25782984**-113.25*-113.25*0*CM*0~REF*PO*CONSIGNM~DTM*999*20080425~RMR*OS*25793396**-55.73*-55.73*0*CM*0~REF*PO*CONSIGNM~DTM*999*20080424~RMR*OS*25793410**-82.86*-82.86*0*CM*0~REF*PO*CONSIGNM~DTM*999*20080425~RMR*OS*25800389**-12.5*-12.5*0*CM*0~REF*PO*CONSIGNM~DTM*999*20080424~RMR*OS*25800401**-21.88*-21.88*0*CM*0~REF*PO*CONSIGNM~DTM*999*20080425~RMR*OS*25817508**-75.75*-75.75*0*CM*0~REF*PO*CONSIGNM~DTM*999*20080424~RMR*OS*25817516**-92.85*-92.85*0*CM*0~REF*PO*CONSIGNM~DTM*999*20080425~RMR*OS*25827643**-461.9*-461.9*0*CM*0~REF*PO*CONSIGNM~DTM*999*20080424~RMR*OS*25827657**-108.86*-108.86*0*CM*0~REF*PO*CONSIGNM~DTM*999*20080425~RMR*OS*25834137**-148.4*-148.4*0*CM*0~REF*PO*CONSIGNM~DTM*999*20080424~RMR*OS*25834145**-243.52*-243.52*0*CM*0~REF*PO*CONSIGNM~DTM*999*20080425~RMR*OS*25845803**-48.55*-48.55*0*CM*0~REF*PO*CONSIGNM~DTM*999*20080424~RMR*OS*25845817**-2.35*-2.35*0*CM*0~REF*PO*CONSIGNM~DTM*999*20080425~RMR*OS*25870099**-11.3*-11.3*0*CM*0~REF*PO*CONSIGNM~DTM*999*20080424~RMR*OS*25870114**-35.7*-35.7*0*CM*0~REF*PO*CONSIGNM~DTM*999*20080425~RMR*OS*25893473**-16.02*-16.02*0*CM*0~REF*PO*CONSIGNM~DTM*999*20080424~RMR*OS*25893491**-34.7*-34.7*0*CM*0~REF*PO*CONSIGNM~DTM*999*20080425~RMR*OS*36044726**-152.47*-152.47*0*CM*0~REF*PO*CONSIGNM~DTM*999*20080424~RMR*OS*36044738**-132.65*-132.65*0*CM*0~REF*PO*CONSIGNM~DTM*999*20080425~RMR*OS*36055457**-82.9*-82.9*0*CM*0~REF*PO*CONSIGNM~DTM*999*20080424~RMR*OS*36055470**-159.35*-159.35*0*CM*0~REF*PO*CONSIGNM~DTM*999*20080425~RMR*OS*36103675**-174.6*-174.6*0*CM*0~REF*PO*CONSIGNM~DTM*999*20080424~RMR*OS*36103677**-140.06*-140.06*0*CM*0~REF*PO*CONSIGNM~DTM*999*20080425~RMR*OS*36151219**-27.7*-27.7*0*CM*0~REF*PO*CONSIGNM~DTM*999*20080424~RMR*OS*36151232**-113.01*-113.01*0*CM*0~REF*PO*CONSIGNM~DTM*999*20080425~RMR*OS*36165498**-199.23*-199.23*0*CM*0~REF*PO*CONSIGNM~DTM*999*20080424~RMR*OS*36165502**-44*-44*0*CM*0~REF*PO*CONSIGNM~DTM*999*20080425~RMR*OS*36208181**-79.26*-79.26*0*CM*0~REF*PO*CONSIGNM~DTM*999*20080424~RMR*OS*36208184**-72.1*-72.1*0*CM*0~REF*PO*CONSIGNM~DTM*999*20080425~RMR*OS*36261219**-87.88*-87.88*0*CM*0~REF*PO*CONSIGNM~DTM*999*20080424~RMR*OS*36261236**-74.35*-74.35*0*CM*0~REF*PO*CONSIGNM~DTM*999*20080425~RMR*OS*36278621**-12.95*-12.95*0*CM*0~REF*PO*CONSIGNM~DTM*999*20080424~RMR*OS*36278626**-1.75*-1.75*0*CM*0~REF*PO*CONSIGNM~DTM*999*20080425~RMR*OS*36318629**-67.9*-67.9*0*CM*0~REF*PO*CONSIGNM~DTM*999*20080425~RMR*OS*36320304**-47.91*-47.91*0*CM*0~REF*PO*CONSIGNM~DTM*999*20080425~RMR*OS*36335894**-26*-26*0*CM*0~REF*PO*CONSIGNM~DTM*999*20080424~RMR*OS*36335915**-80.9*-80.9*0*CM*0~REF*PO*CONSIGNM~DTM*999*20080425~RMR*OS*36349326**-109.55*-109.55*0*CM*0~REF*PO*CONSIGNM~DTM*999*20080424~RMR*OS*36349333**-20.4*-20.4*0*CM*0~REF*PO*CONSIGNM~DTM*999*20080425~RMR*OS*36415403**-49.45*-49.45*0*CM*0~REF*PO*CONSIGNM~DTM*999*20080424~RMR*OS*36415408**-265.1*-265.1*0*CM*0~REF*PO*CONSIGNM~DTM*999*20080425~RMR*OS*36431066**-17.85*-17.85*0*CM*0~REF*PO*CONSIGNM~DTM*999*20080424~RMR*OS*36431077**-23.75*-23.75*0*CM*0~REF*PO*CONSIGNM~DTM*999*20080425~RMR*OS*36449158**-14.15*-14.15*0*CM*0~REF*PO*CONSIGNM~DTM*999*20080424~RMR*OS*36449174**-143.47*-143.47*0*CM*0~REF*PO*CONSIGNM~DTM*999*20080425~RMR*OS*36470989**-79.15*-79.15*0*CM*0~REF*PO*CONSIGNM~DTM*999*20080424~RMR*OS*36470997**-175.4*-175.4*0*CM*0~REF*PO*CONSIGNM~DTM*999*20080425~RMR*OS*36503884**-89.36*-89.36*0*CM*0~REF*PO*CONSIGNM~DTM*999*20080424~RMR*OS*36503898**-108.45*-108.45*0*CM*0~REF*PO*CONSIGNM~DTM*999*20080425~RMR*OS*36516929**-103.1*-103.1*0*CM*0~REF*PO*CONSIGNM~DTM*999*20080424~RMR*OS*36516941**-64.4*-64.4*0*CM*0~REF*PO*CONSIGNM~DTM*999*20080425~RMR*OS*36527608**-33.1*-33.1*0*CM*0~REF*PO*CONSIGNM~DTM*999*20080424~RMR*OS*36527625**-63.15*-63.15*0*CM*0~REF*PO*CONSIGNM~DTM*999*20080425~RMR*OS*36540172**-18.4*-18.4*0*CM*0~REF*PO*CONSIGNM~DTM*999*20080424~RMR*OS*36615851**-85*-85*0*CM*0~REF*PO*CONSIGNM~DTM*999*20080425~RMR*OS*36635761**-38.4*-38.4*0*CM*0~REF*PO*CONSIGNM~DTM*999*20080424~RMR*OS*36635771**-39.95*-39.95*0*CM*0~REF*PO*CONSIGNM~DTM*999*20080425~RMR*OS*38113675**-83.73*-83.73*0*CM*0~REF*PO*CONSIGNM~DTM*999*20080424~RMR*OS*38113676**-157.01*-157.01*0*CM*0~REF*PO*CONSIGNM~DTM*999*20080425~RMR*OS*38125367**-78.91*-78.91*0*CM*0~REF*PO*CONSIGNM~DTM*999*20080424~RMR*OS*38125390**-290.41*-290.41*0*CM*0~REF*PO*CONSIGNM~DTM*999*20080425~RMR*OS*38134738**-26.8*-26.8*0*CM*0~REF*PO*CONSIGNM~DTM*999*20080424~RMR*OS*38134754**-123.64*-123.64*0*CM*0~REF*PO*CONSIGNM~DTM*999*20080425~RMR*OS*38141090**-108*-108*0*CM*0~REF*PO*CONSIGNM~DTM*999*20080424~RMR*OS*38141109**-182.55*-182.55*0*CM*0~REF*PO*CONSIGNM~DTM*999*20080425~RMR*OS*38162407**-26.05*-26.05*0*CM*0~REF*PO*CONSIGNM~DTM*999*20080424~RMR*OS*38162421**-56.34*-56.34*0*CM*0~REF*PO*CONSIGNM~DTM*999*20080425~RMR*OS*38193280**-35.33*-35.33*0*CM*0~REF*PO*CONSIGNM~DTM*999*20080425~RMR*OS*38212483**-42.61*-42.61*0*CM*0~REF*PO*CONSIGNM~DTM*999*20080424~RMR*OS*38212510**-46.3*-46.3*0*CM*0~REF*PO*CONSIGNM~DTM*999*20080425~RMR*OS*38224285**-5.4*-5.4*0*CM*0~REF*PO*CONSIGNM~DTM*999*20080424~RMR*OS*38224318**-282.64*-282.64*0*CM*0~REF*PO*CONSIGNM~DTM*999*20080425~RMR*OS*38230604**-7.7*-7.7*0*CM*0~REF*PO*CONSIGNM~DTM*999*20080424~RMR*OS*38230606**-56.96*-56.96*0*CM*0~REF*PO*CONSIGNM~DTM*999*20080425~RMR*OS*38256530**-28.95*-28.95*0*CM*0~REF*PO*CONSIGNM~DTM*999*20080424~RMR*OS*38256542**-132.37*-132.37*0*CM*0~REF*PO*CONSIGNM~DTM*999*20080425~RMR*OS*38287862**-88.51*-88.51*0*CM*0~REF*PO*CONSIGNM~DTM*999*20080424~RMR*OS*38287894**-18.5*-18.5*0*CM*0~REF*PO*CONSIGNM~DTM*999*20080425~RMR*OS*38315059**-5.15*-5.15*0*CM*0~REF*PO*CONSIGNM~DTM*999*20080424~RMR*OS*38315070**-42.34*-42.34*0*CM*0~REF*PO*CONSIGNM~DTM*999*20080425~RMR*OS*38327377**-323.9*-323.9*0*CM*0~REF*PO*CONSIGNM~DTM*999*20080425~RMR*OS*38360889**-23.35*-23.35*0*CM*0~REF*PO*CONSIGNM~DTM*999*20080424~RMR*OS*38360899**-43.85*-43.85*0*CM*0~REF*PO*CONSIGNM~DTM*999*20080425~RMR*OS*38434214**-16.5*-16.5*0*CM*0~REF*PO*CONSIGNM~DTM*999*20080424~RMR*OS*38434224**-10.3*-10.3*0*CM*0~REF*PO*CONSIGNM~DTM*999*20080425~RMR*OS*38440755**-79.81*-79.81*0*CM*0~REF*PO*CONSIGNM~DTM*999*20080424~RMR*OS*38440769**-40.72*-40.72*0*CM*0~REF*PO*CONSIGNM~DTM*999*20080425~RMR*OS*38540922**-123.5*-123.5*0*CM*0~REF*PO*CONSIGNM~DTM*999*20080424~RMR*OS*38540930**-98.5*-98.5*0*CM*0~REF*PO*CONSIGNM~DTM*999*20080425~RMR*OS*38552202**-37.18*-37.18*0*CM*0~REF*PO*CONSIGNM~DTM*999*20080424~RMR*OS*38567932**-11.1*-11.1*0*CM*0~REF*PO*CONSIGNM~DTM*999*20080425~RMR*OS*38570585**-8.25*-8.25*0*CM*0~REF*PO*CONSIGNM~DTM*999*20080424~RMR*OS*38570593**-39.75*-39.75*0*CM*0~REF*PO*CONSIGNM~DTM*999*20080425~RMR*OS*38616426**-221.12*-221.12*0*CM*0~REF*PO*CONSIGNM~DTM*999*20080424~RMR*OS*38616445**-52.59*-52.59*0*CM*0~REF*PO*CONSIGNM~DTM*999*20080425~RMR*OS*38632413**-26.1*-26.1*0*CM*0~REF*PO*CONSIGNM~DTM*999*20080424~RMR*OS*38632442**-58.42*-58.42*0*CM*0~REF*PO*CONSIGNM~DTM*999*20080425~RMR*OS*38673437**-31.6*-31.6*0*CM*0~REF*PO*CONSIGNM~DTM*999*20080425~RMR*OS*38688612**-79.81*-79.81*0*CM*0~REF*PO*CONSIGNM~DTM*999*20080424~RMR*OS*38688627**-70.25*-70.25*0*CM*0~REF*PO*CONSIGNM~DTM*999*20080425~RMR*OS*38721446**-27.25*-27.25*0*CM*0~REF*PO*CONSIGNM~DTM*999*20080424~RMR*OS*38857895**-37.75*-37.75*0*CM*0~REF*PO*CONSIGNM~DTM*999*20080424~RMR*OS*38857909**-45.6*-45.6*0*CM*0~REF*PO*CONSIGNM~DTM*999*20080425~RMR*OS*38877784**-66.37*-66.37*0*CM*0~REF*PO*CONSIGNM~DTM*999*20080424~RMR*OS*38895819**-13.5*-13.5*0*CM*0~REF*PO*CONSIGNM~DTM*999*20080424~RMR*OS*38895827**-62.3*-62.3*0*CM*0~REF*PO*CONSIGNM~DTM*999*20080425~RMR*OS*41019499**-297.51*-297.51*0*CM*0~REF*PO*CONSIGNM~DTM*999*20080424~RMR*OS*41019521**-40.78*-40.78*0*CM*0~REF*PO*CONSIGNM~DTM*999*20080425~RMR*OS*41027482**-100.9*-100.9*0*CM*0~REF*PO*CONSIGNM~DTM*999*20080424~RMR*OS*41027520**-80.7*-80.7*0*CM*0~REF*PO*CONSIGNM~DTM*999*20080425~RMR*OS*41031780**-140.31*-140.31*0*CM*0~REF*PO*CONSIGNM~DTM*999*20080424~RMR*OS*41031809**-294.34*-294.34*0*CM*0~REF*PO*CONSIGNM~DTM*999*20080425~RMR*OS*41049503**-139.4*-139.4*0*CM*0~REF*PO*CONSIGNM~DTM*999*20080424~RMR*OS*41049531**-218.8*-218.8*0*CM*0~REF*PO*CONSIGNM~DTM*999*20080425~RMR*OS*41063242**-160.12*-160.12*0*CM*0~REF*PO*CONSIGNM~DTM*999*20080424~RMR*OS*41063252**-193.9*-193.9*0*CM*0~REF*PO*CONSIGNM~DTM*999*20080425~RMR*OS*41090440**-248.5*-248.5*0*CM*0~REF*PO*CONSIGNM~DTM*999*20080424~RMR*OS*41090473**-56.79*-56.79*0*CM*0~REF*PO*CONSIGNM~DTM*999*20080425~RMR*OS*41121266**-220.27*-220.27*0*CM*0~REF*PO*CONSIGNM~DTM*999*20080424~RMR*OS*41121288**-87.45*-87.45*0*CM*0~REF*PO*CONSIGNM~DTM*999*20080425~RMR*OS*41149788**-161.24*-161.24*0*CM*0~REF*PO*CONSIGNM~DTM*999*20080424~RMR*OS*41149813**-163.6*-163.6*0*CM*0~REF*PO*CONSIGNM~DTM*999*20080425~RMR*OS*41196603**-101.75*-101.75*0*CM*0~REF*PO*CONSIGNM~DTM*999*20080424~RMR*OS*41196628**-260.62*-260.62*0*CM*0~REF*PO*CONSIGNM~DTM*999*20080425~RMR*OS*41211366**-133.25*-133.25*0*CM*0~REF*PO*CONSIGNM~DTM*999*20080424~RMR*OS*41211374**-85.25*-85.25*0*CM*0~REF*PO*CONSIGNM~DTM*999*20080425~RMR*OS*41329676**-76.2*-76.2*0*CM*0~REF*PO*CONSIGNM~DTM*999*20080424~RMR*OS*41329696**-114.05*-114.05*0*CM*0~REF*PO*CONSIGNM~DTM*999*20080425~RMR*OS*41343512**-33.65*-33.65*0*CM*0~REF*PO*CONSIGNM~DTM*999*20080424~RMR*OS*41343543**-183.33*-183.33*0*CM*0~REF*PO*CONSIGNM~DTM*999*20080425~RMR*OS*41378676**-22.35*-22.35*0*CM*0~REF*PO*CONSIGNM~DTM*999*20080424~RMR*OS*41378698**-302.24*-302.24*0*CM*0~REF*PO*CONSIGNM~DTM*999*20080425~RMR*OS*41424806**-38.85*-38.85*0*CM*0~REF*PO*CONSIGNM~DTM*999*20080424~RMR*OS*41424832**-82.74*-82.74*0*CM*0~REF*PO*CONSIGNM~DTM*999*20080425~RMR*OS*41436988**-57.25*-57.25*0*CM*0~REF*PO*CONSIGNM~DTM*999*20080424~RMR*OS*41436990**-112.36*-112.36*0*CM*0~REF*PO*CONSIGNM~DTM*999*20080425~RMR*OS*41454107**-114.12*-114.12*0*CM*0~REF*PO*CONSIGNM~DTM*999*20080425~RMR*OS*41508165**-74.9*-74.9*0*CM*0~REF*PO*CONSIGNM~DTM*999*20080424~RMR*OS*41508185**-226.5*-226.5*0*CM*0~REF*PO*CONSIGNM~DTM*999*20080425~RMR*OS*41582493**-35.15*-35.15*0*CM*0~REF*PO*CONSIGNM~DTM*999*20080424~RMR*OS*41582507**-35.35*-35.35*0*CM*0~REF*PO*CONSIGNM~DTM*999*20080425~RMR*OS*41635900**-118.9*-118.9*0*CM*0~REF*PO*CONSIGNM~DTM*999*20080424~RMR*OS*41662308**-24.55*-24.55*0*CM*0~REF*PO*CONSIGNM~DTM*999*20080424~RMR*OS*41662326**-6.25*-6.25*0*CM*0~REF*PO*CONSIGNM~DTM*999*20080425~RMR*OS*41813187**-112.1*-112.1*0*CM*0~REF*PO*CONSIGNM~DTM*999*20080424~RMR*OS*41813232**-120.86*-120.86*0*CM*0~REF*PO*CONSIGNM~DTM*999*20080425~RMR*OS*41871938**-34*-34*0*CM*0~REF*PO*CONSIGNM~DTM*999*20080425~RMR*OS*41886204**-292.29*-292.29*0*CM*0~REF*PO*CONSIGNM~DTM*999*20080424~RMR*OS*41886234**-388.31*-388.31*0*CM*0~REF*PO*CONSIGNM~DTM*999*20080425~RMR*OS*46011032**-42.2*-42.2*0*CM*0~REF*PO*CONSIGNM~DTM*999*20080424~RMR*OS*46011047**-40.95*-40.95*0*CM*0~REF*PO*CONSIGNM~DTM*999*20080425~RMR*OS*46029214**-66.75*-66.75*0*CM*0~REF*PO*CONSIGNM~DTM*999*20080424~RMR*OS*46029230**-37.4*-37.4*0*CM*0~REF*PO*CONSIGNM~DTM*999*20080425~RMR*OS*46034055**-13.35*-13.35*0*CM*0~REF*PO*CONSIGNM~DTM*999*20080424~RMR*OS*46034058**-209.95*-209.95*0*CM*0~REF*PO*CONSIGNM~DTM*999*20080425~RMR*OS*46049001**-158.99*-158.99*0*CM*0~REF*PO*CONSIGNM~DTM*999*20080424~RMR*OS*46049013**-213.94*-213.94*0*CM*0~REF*PO*CONSIGNM~DTM*999*20080425~RMR*OS*46054155**-61.49*-61.49*0*CM*0~REF*PO*CONSIGNM~DTM*999*20080424~RMR*OS*46054182**-174.93*-174.93*0*CM*0~REF*PO*CONSIGNM~DTM*999*20080425~RMR*OS*46071996**-69.2*-69.2*0*CM*0~REF*PO*CONSIGNM~DTM*999*20080424~RMR*OS*46072003**-77.6*-77.6*0*CM*0~REF*PO*CONSIGNM~DTM*999*20080425~RMR*OS*46085398**-140.6*-140.6*0*CM*0~REF*PO*CONSIGNM~DTM*999*20080424~RMR*OS*46085436**-313.9*-313.9*0*CM*0~REF*PO*CONSIGNM~DTM*999*20080425~RMR*OS*46090679**-16.85*-16.85*0*CM*0~REF*PO*CONSIGNM~DTM*999*20080424~RMR*OS*46090691**-33.1*-33.1*0*CM*0~REF*PO*CONSIGNM~DTM*999*20080425~RMR*OS*46111812**-637.2*-637.2*0*CM*0~REF*PO*CONSIGNM~DTM*999*20080424~RMR*OS*46111824**-53.05*-53.05*0*CM*0~REF*PO*CONSIGNM~DTM*999*20080425~RMR*OS*46129150**-3.55*-3.55*0*CM*0~REF*PO*CONSIGNM~DTM*999*20080424~RMR*OS*46129155**-93.65*-93.65*0*CM*0~REF*PO*CONSIGNM~DTM*999*20080425~RMR*OS*46139770**-256.85*-256.85*0*CM*0~REF*PO*CONSIGNM~DTM*999*20080424~RMR*OS*46139787**-200.14*-200.14*0*CM*0~REF*PO*CONSIGNM~DTM*999*20080425~RMR*OS*46143087**-45.95*-45.95*0*CM*0~REF*PO*CONSIGNM~DTM*999*20080424~RMR*OS*46143108**-93.93*-93.93*0*CM*0~REF*PO*CONSIGNM~DTM*999*20080425~RMR*OS*46155343**-295.21*-295.21*0*CM*0~REF*PO*CONSIGNM~DTM*999*20080424~RMR*OS*46168143**-122*-122*0*CM*0~REF*PO*CONSIGNM~DTM*999*20080424~RMR*OS*46168155**-895.25*-895.25*0*CM*0~REF*PO*CONSIGNM~DTM*999*20080425~RMR*OS*46177084**-220.05*-220.05*0*CM*0~REF*PO*CONSIGNM~DTM*999*20080424~RMR*OS*46177098**-187.4*-187.4*0*CM*0~REF*PO*CONSIGNM~DTM*999*20080425~RMR*OS*46181451**-147.62*-147.62*0*CM*0~REF*PO*CONSIGNM~DTM*999*20080424~RMR*OS*46197662**-14.3*-14.3*0*CM*0~REF*PO*CONSIGNM~DTM*999*20080424~RMR*OS*46197677**-34.3*-34.3*0*CM*0~REF*PO*CONSIGNM~DTM*999*20080425~RMR*OS*46206623**-93.7*-93.7*0*CM*0~REF*PO*CONSIGNM~DTM*999*20080424~RMR*OS*46206644**-135.7*-135.7*0*CM*0~REF*PO*CONSIGNM~DTM*999*20080425~RMR*OS*46218487**-103.84*-103.84*0*CM*0~REF*PO*CONSIGNM~DTM*999*20080424~RMR*OS*46218512**-224.15*-224.15*0*CM*0~REF*PO*CONSIGNM~DTM*999*20080425~RMR*OS*46220980**-13.55*-13.55*0*CM*0~REF*PO*CONSIGNM~DTM*999*20080424~RMR*OS*46220991**-168.5*-168.5*0*CM*0~REF*PO*CONSIGNM~DTM*999*20080425~RMR*OS*46242961**-37.5*-37.5*0*CM*0~REF*PO*CONSIGNM~DTM*999*20080424~RMR*OS*46242988**-135.25*-135.25*0*CM*0~REF*PO*CONSIGNM~DTM*999*20080425~RMR*OS*46267646**-71.45*-71.45*0*CM*0~REF*PO*CONSIGNM~DTM*999*20080424~RMR*OS*46267653**-102.28*-102.28*0*CM*0~REF*PO*CONSIGNM~DTM*999*20080425~RMR*OS*46272845**-38.65*-38.65*0*CM*0~REF*PO*CONSIGNM~DTM*999*20080424~RMR*OS*46272855**-30.84*-30.84*0*CM*0~REF*PO*CONSIGNM~DTM*999*20080425~RMR*OS*46282859**-228.72*-228.72*0*CM*0~REF*PO*CONSIGNM~DTM*999*20080425~RMR*OS*46310003**-172.85*-172.85*0*CM*0~REF*PO*CONSIGNM~DTM*999*20080425~RMR*OS*46319991**-279.56*-279.56*0*CM*0~REF*PO*CONSIGNM~DTM*999*20080424~RMR*OS*46327179**-51.9*-51.9*0*CM*0~REF*PO*CONSIGNM~DTM*999*20080424~RMR*OS*46327196**-24.3*-24.3*0*CM*0~REF*PO*CONSIGNM~DTM*999*20080425~RMR*OS*46339919**-112.4*-112.4*0*CM*0~REF*PO*CONSIGNM~DTM*999*20080424~RMR*OS*46339955**-9.7*-9.7*0*CM*0~REF*PO*CONSIGNM~DTM*999*20080425~RMR*OS*46348934**-18.4*-18.4*0*CM*0~REF*PO*CONSIGNM~DTM*999*20080424~RMR*OS*46352383**-111.44*-111.44*0*CM*0~REF*PO*CONSIGNM~DTM*999*20080424~RMR*OS*46352402**-222.73*-222.73*0*CM*0~REF*PO*CONSIGNM~DTM*999*20080425~RMR*OS*46375956**-167.65*-167.65*0*CM*0~REF*PO*CONSIGNM~DTM*999*20080424~RMR*OS*46375968**-59.12*-59.12*0*CM*0~REF*PO*CONSIGNM~DTM*999*20080425~RMR*OS*46389936**-114.15*-114.15*0*CM*0~REF*PO*CONSIGNM~DTM*999*20080424~RMR*OS*46389950**-272.46*-272.46*0*CM*0~REF*PO*CONSIGNM~DTM*999*20080425~RMR*OS*46399925**-68.69*-68.69*0*CM*0~REF*PO*CONSIGNM~DTM*999*20080424~RMR*OS*46399945**-59.65*-59.65*0*CM*0~REF*PO*CONSIGNM~DTM*999*20080425~RMR*OS*46402358**-230.73*-230.73*0*CM*0~REF*PO*CONSIGNM~DTM*999*20080424~RMR*OS*46402385**-90.96*-90.96*0*CM*0~REF*PO*CONSIGNM~DTM*999*20080425~RMR*OS*46417078**-175.4*-175.4*0*CM*0~REF*PO*CONSIGNM~DTM*999*20080424~RMR*OS*46417106**-193.37*-193.37*0*CM*0~REF*PO*CONSIGNM~DTM*999*20080425~RMR*OS*46435424**-120.28*-120.28*0*CM*0~REF*PO*CONSIGNM~DTM*999*20080424~RMR*OS*46435426**-102.2*-102.2*0*CM*0~REF*PO*CONSIGNM~DTM*999*20080425~RMR*OS*46451352**-650.88*-650.88*0*CM*0~REF*PO*CONSIGNM~DTM*999*20080425~RMR*OS*46475490**-209.29*-209.29*0*CM*0~REF*PO*CONSIGNM~DTM*999*20080424~RMR*OS*46475498**-133.33*-133.33*0*CM*0~REF*PO*CONSIGNM~DTM*999*20080425~RMR*OS*46487974**-56.05*-56.05*0*CM*0~REF*PO*CONSIGNM~DTM*999*20080424~RMR*OS*46487979**-20.35*-20.35*0*CM*0~REF*PO*CONSIGNM~DTM*999*20080425~RMR*OS*46539537**-98.8*-98.8*0*CM*0~REF*PO*CONSIGNM~DTM*999*20080425~RMR*OS*46548272**-18.65*-18.65*0*CM*0~REF*PO*CONSIGNM~DTM*999*20080424~RMR*OS*46548273**-18.75*-18.75*0*CM*0~REF*PO*CONSIGNM~DTM*999*20080425~RMR*OS*46558562**-15.9*-15.9*0*CM*0~REF*PO*CONSIGNM~DTM*999*20080425~RMR*OS*46562550**-54.65*-54.65*0*CM*0~REF*PO*CONSIGNM~DTM*999*20080424~RMR*OS*46562567**-46.05*-46.05*0*CM*0~REF*PO*CONSIGNM~DTM*999*20080425~RMR*OS*46602955**-54.11*-54.11*0*CM*0~REF*PO*CONSIGNM~DTM*999*20080424~RMR*OS*46602964**-27.8*-27.8*0*CM*0~REF*PO*CONSIGNM~DTM*999*20080425~RMR*OS*48059131**-83.95*-83.95*0*CM*0~REF*PO*CONSIGNM~DTM*999*20080424~RMR*OS*48059145**-7.9*-7.9*0*CM*0~REF*PO*CONSIGNM~DTM*999*20080425~RMR*OS*68432958**-83.55*-83.55*0*CM*0~REF*PO*CONSIGNM~DTM*999*20080425~RMR*OS*68665271**-43.03*-43.03*0*CM*0~REF*PO*CONSIGNM~DTM*999*20080424~RMR*OS*68665286**-60.15*-60.15*0*CM*0~REF*PO*CONSIGNM~DTM*999*20080425~RMR*OS*69456513**-11.9*-11.9*0*CM*0~REF*PO*CONSIGNM~DTM*999*20080424~RMR*OS*69456526**-62.25*-62.25*0*CM*0~REF*PO*CONSIGNM~DTM*999*20080425~RMR*OS*69543054**-63.2*-63.2*0*CM*0~REF*PO*CONSIGNM~DTM*999*20080424~RMR*OS*69543072**-31.37*-31.37*0*CM*0~REF*PO*CONSIGNM~DTM*999*20080425~RMR*OS*84400987**-90.84*-90.84*0*CM*0~REF*PO*CONSIGNM~DTM*999*20080425~RMR*OS*85485485**-63.5*-63.5*0*CM*0~REF*PO*CONSIGNM~DTM*999*20080424~RMR*OS*85485495**-54.75*-54.75*0*CM*0~REF*PO*CONSIGNM~DTM*999*20080425~RMR*OS*85508519**-96.46*-96.46*0*CM*0~REF*PO*CONSIGNM~DTM*999*20080424~RMR*OS*85508540**-199.61*-199.61*0*CM*0~REF*PO*CONSIGNM~DTM*999*20080425~RMR*OS*85510223**-149.23*-149.23*0*CM*0~REF*PO*CONSIGNM~DTM*999*20080424~RMR*OS*85510236**-99.43*-99.43*0*CM*0~REF*PO*CONSIGNM~DTM*999*20080425~RMR*OS*85526778**-5.15*-5.15*0*CM*0~REF*PO*CONSIGNM~DTM*999*20080424~RMR*OS*85526781**-150.55*-150.55*0*CM*0~REF*PO*CONSIGNM~DTM*999*20080425~RMR*IV*160199078**15083.22*15083.22*0*PT*0~REF*PO*0001095434~DTM*999*20080412~RMR*IV*160199098**9046.89*9046.89*0*PT*0~REF*PO*0001095656~DTM*999*20080413~RMR*IV*160199302**4304.06*4304.06*0*PT*0~REF*PO*0001095914~DTM*999*20080414~RMR*IV*160208019**10152.49*10152.49*0*PT*0~REF*PO*0002051045~DTM*999*20080412~RMR*IV*160208039**5050.36*5050.36*0*PT*0~REF*PO*0002051311~DTM*999*20080413~RMR*IV*160208212**2639.1*2639.1*0*PT*0~REF*PO*0002051572~DTM*999*20080414~RMR*IV*160344937**12809.73*12809.73*0*PT*0~REF*PO*0003068998~DTM*999*20080412~RMR*IV*160344952**7807.86*7807.86*0*PT*0~REF*PO*0003069224~DTM*999*20080413~RMR*IV*160345183**2973.75*2973.75*0*PT*0~REF*PO*0003069481~DTM*999*20080414~RMR*IV*160470150**7879.36*7879.36*0*PT*0~REF*PO*0004052603~DTM*999*20080412~RMR*IV*160470168**6036.95*6036.95*0*PT*0~REF*PO*0004052862~DTM*999*20080413~RMR*IV*160470332**2460.2*2460.2*0*PT*0~REF*PO*0004053100~DTM*999*20080414~RMR*IV*160566463**5041.35*5041.35*0*PT*0~REF*PO*0005052967~DTM*999*20080412~RMR*IV*160566481**2856.09*2856.09*0*PT*0~REF*PO*0005053191~DTM*999*20080413~RMR*IV*160566622**1803.08*1803.08*0*PT*0~REF*PO*0005053430~DTM*999*20080414~RMR*IV*160809006**3439.83*3439.83*0*PT*0~REF*PO*0008073623~DTM*999*20080412~RMR*IV*160809020**4053.92*4053.92*0*PT*0~REF*PO*0008073855~DTM*999*20080413~RMR*IV*160809107**2137.23*2137.23*0*PT*0~REF*PO*0008074154~DTM*999*20080414~RMR*IV*230647427**2380.02*2380.02*0*PT*0~REF*PO*0006029195~DTM*999*20080412~RMR*IV*230647444**1951*1951*0*PT*0~REF*PO*0006029409~DTM*999*20080413~RMR*IV*230647553**789.05*789.05*0*PT*0~REF*PO*0006029617~DTM*999*20080414~RMR*IV*232376018**971.86*971.86*0*PT*0~REF*PO*0023013802~DTM*999*20080412~RMR*IV*232376030**684.99*684.99*0*PT*0~REF*PO*0023014002~DTM*999*20080413~RMR*IV*232376137**259.2*259.2*0*PT*0~REF*PO*0023014196~DTM*999*20080414~RMR*IV*232466180**1894.25*1894.25*0*PT*0~REF*PO*0024093446~DTM*999*20080412~RMR*IV*232466191**1245.12*1245.12*0*PT*0~REF*PO*0024093660~DTM*999*20080413~RMR*IV*232466293**542.42*542.42*0*PT*0~REF*PO*0024093839~DTM*999*20080414~RMR*IV*250158663**15616.29*15616.29*0*PT*0~REF*PO*0001083617~DTM*999*20080412~RMR*IV*250158678**8602.6*8602.6*0*PT*0~REF*PO*0001083843~DTM*999*20080413~RMR*IV*250158797**5076.15*5076.15*0*PT*0~REF*PO*0001084104~DTM*999*20080414~RMR*IV*250268147**8752*8752*0*PT*0~REF*PO*0002093117~DTM*999*20080412~RMR*IV*250268161**3935.75*3935.75*0*PT*0~REF*PO*0002093364~DTM*999*20080413~RMR*IV*250268257**2425.53*2425.53*0*PT*0~REF*PO*0002093621~DTM*999*20080414~RMR*IV*250384902**9823.27*9823.27*0*PT*0~REF*PO*0003020537~DTM*999*20080412~RMR*IV*250384919**5640.14*5640.14*0*PT*0~REF*PO*0003020763~DTM*999*20080413~RMR*IV*250385030**4280.36*4280.36*0*PT*0~REF*PO*0003021029~DTM*999*20080414~RMR*IV*250446478**13638.72*13638.72*0*PT*0~REF*PO*0004028520~DTM*999*20080412~RMR*IV*250446499**6417.06*6417.06*0*PT*0~REF*PO*0004028773~DTM*999*20080413~RMR*IV*250446677**4580.37*4580.37*0*PT*0~REF*PO*0004029063~DTM*999*20080414~RMR*IV*250566832**13175.68*13175.68*0*PT*0~REF*PO*0005099898~DTM*999*20080412~RMR*IV*250566874**7178.51*7178.51*0*PT*0~REF*PO*0005000350~DTM*999*20080413~RMR*IV*250566986**3513.07*3513.07*0*PT*0~REF*PO*0005000718~DTM*999*20080414~RMR*IV*250604862**19950.27*19950.27*0*PT*0~REF*PO*0006008131~DTM*999*20080412~RMR*IV*250604888**10903.28*10903.28*0*PT*0~REF*PO*0006008365~DTM*999*20080413~RMR*IV*250605035**6102.26*6102.26*0*PT*0~REF*PO*0006008629~DTM*999*20080414~RMR*IV*250750320**15866.93*15866.93*0*PT*0~REF*PO*0007076780~DTM*999*20080412~RMR*IV*250750331**6160.16*6160.16*0*PT*0~REF*PO*0007077114~DTM*999*20080413~RMR*IV*250750474**4612.49*4612.49*0*PT*0~REF*PO*0007077548~DTM*999*20080414~RMR*IV*251089387**9537.9*9537.9*0*PT*0~REF*PO*0010027674~DTM*999*20080412~RMR*IV*251089408**4841.37*4841.37*0*PT*0~REF*PO*0010027894~DTM*999*20080413~RMR*IV*251089478**2343.63*2343.63*0*PT*0~REF*PO*0010028143~DTM*999*20080414~RMR*IV*251108485**10857.96*10857.96*0*PT*0~REF*PO*0011024623~DTM*999*20080412~RMR*IV*251108500**4087.61*4087.61*0*PT*0~REF*PO*0011024886~DTM*999*20080413~RMR*IV*251108622**2518.94*2518.94*0*PT*0~REF*PO*0011025114~DTM*999*20080414~RMR*IV*255089748**29780.97*29780.97*0*PT*0~REF*PO*0050022665~DTM*999*20080412~RMR*IV*255089766**16155.08*16155.08*0*PT*0~REF*PO*0050022923~DTM*999*20080413~RMR*IV*255089893**10927.27*10927.27*0*PT*0~REF*PO*0050023193~DTM*999*20080414~RMR*IV*255111298**20226.96*20226.96*0*PT*0~REF*PO*0051077684~DTM*999*20080412~RMR*IV*255111364**10792.82*10792.82*0*PT*0~REF*PO*0051077928~DTM*999*20080413~RMR*IV*255111441**5692.58*5692.58*0*PT*0~REF*PO*0051078196~DTM*999*20080414~RMR*IV*255229253**9963.45*9963.45*0*PT*0~REF*PO*0052052655~DTM*999*20080412~RMR*IV*255229266**7071*7071*0*PT*0~REF*PO*0052052913~DTM*999*20080413~RMR*IV*255229337**3312.68*3312.68*0*PT*0~REF*PO*0052053204~DTM*999*20080414~RMR*IV*255437710**7355.66*7355.66*0*PT*0~REF*PO*0054039507~DTM*999*20080412~RMR*IV*255437733**4819.31*4819.31*0*PT*0~REF*PO*0054039737~DTM*999*20080413~RMR*IV*255437864**4850.51*4850.51*0*PT*0~REF*PO*0054039990~DTM*999*20080414~RMR*IV*255507869**4559.87*4559.87*0*PT*0~REF*PO*0055020172~DTM*999*20080412~RMR*IV*255507885**2853.89*2853.89*0*PT*0~REF*PO*0055020406~DTM*999*20080413~RMR*IV*255507960**2333.97*2333.97*0*PT*0~REF*PO*0055020662~DTM*999*20080414~RMR*IV*255782498**22938.82*22938.82*0*PT*0~REF*PO*0057057593~DTM*999*20080412~RMR*IV*255782518**19493.74*19493.74*0*PT*0~REF*PO*0057057829~DTM*999*20080413~RMR*IV*255782635**9729.94*9729.94*0*PT*0~REF*PO*0057058092~DTM*999*20080414~RMR*IV*255813679**37682.68*37682.68*0*PT*0~REF*PO*0058026232~DTM*999*20080412~RMR*IV*255813753**22093.57*22093.57*0*PT*0~REF*PO*0058026479~DTM*999*20080413~RMR*IV*255813868**15117.7*15117.7*0*PT*0~REF*PO*0058026767~DTM*999*20080414~RMR*IV*255969407**13793.01*13793.01*0*PT*0~REF*PO*0059020687~DTM*999*20080412~RMR*IV*255969424**5524.71*5524.71*0*PT*0~REF*PO*0059020929~DTM*999*20080413~RMR*IV*255969527**3617.44*3617.44*0*PT*0~REF*PO*0059021173~DTM*999*20080414~RMR*IV*256024681**20291.3*20291.3*0*PT*0~REF*PO*0060062891~DTM*999*20080412~RMR*IV*256024733**10823.09*10823.09*0*PT*0~REF*PO*0060063237~DTM*999*20080413~RMR*IV*256024842**5249.24*5249.24*0*PT*0~REF*PO*0060063633~DTM*999*20080414~RMR*IV*256130630**5249.37*5249.37*0*PT*0~REF*PO*0061016799~DTM*999*20080412~RMR*IV*256130650**5741.26*5741.26*0*PT*0~REF*PO*0061017013~DTM*999*20080413~RMR*IV*256130771**2093.57*2093.57*0*PT*0~REF*PO*0061017267~DTM*999*20080414~RMR*IV*256231090**9291.35*9291.35*0*PT*0~REF*PO*0062079950~DTM*999*20080412~RMR*IV*256231105**5112.89*5112.89*0*PT*0~REF*PO*0062080169~DTM*999*20080413~RMR*IV*256231246**2954.14*2954.14*0*PT*0~REF*PO*0062080402~DTM*999*20080414~RMR*IV*256320919**13274.99*13274.99*0*PT*0~REF*PO*0063008613~DTM*999*20080412~RMR*IV*256320934**9883.49*9883.49*0*PT*0~REF*PO*0063008872~DTM*999*20080413~RMR*IV*256321113**3895.83*3895.83*0*PT*0~REF*PO*0063009139~DTM*999*20080414~RMR*IV*256450717**13314.5*13314.5*0*PT*0~REF*PO*0064024164~DTM*999*20080412~RMR*IV*256450730**8102.65*8102.65*0*PT*0~REF*PO*0064024422~DTM*999*20080413~RMR*IV*256450863**4951.49*4951.49*0*PT*0~REF*PO*0064024680~DTM*999*20080414~RMR*IV*256520137**16727.75*16727.75*0*PT*0~REF*PO*0065073482~DTM*999*20080412~RMR*IV*256520153**8473.83*8473.83*0*PT*0~REF*PO*0065073742~DTM*999*20080413~RMR*IV*256520333**4722.78*4722.78*0*PT*0~REF*PO*0065074019~DTM*999*20080414~RMR*IV*256685250**20939.63*20939.63*0*PT*0~REF*PO*0066044517~DTM*999*20080412~RMR*IV*256685263**9892.69*9892.69*0*PT*0~REF*PO*0066044760~DTM*999*20080413~RMR*IV*256685389**6386.68*6386.68*0*PT*0~REF*PO*0066045026~DTM*999*20080414~RMR*IV*256736492**8008.64*8008.64*0*PT*0~REF*PO*0067025078~DTM*999*20080412~RMR*IV*256736508**4593.84*4593.84*0*PT*0~REF*PO*0067025331~DTM*999*20080413~RMR*IV*256736610**1986.65*1986.65*0*PT*0~REF*PO*0067025588~DTM*999*20080414~RMR*IV*257170771**6198.79*6198.79*0*PT*0~REF*PO*0071073543~DTM*999*20080412~RMR*IV*257170781**3893.64*3893.64*0*PT*0~REF*PO*0071073786~DTM*999*20080413~RMR*IV*257170854**2431.77*2431.77*0*PT*0~REF*PO*0071074054~DTM*999*20080414~RMR*IV*257525192**20622.81*20622.81*0*PT*0~REF*PO*0075057389~DTM*999*20080412~RMR*IV*257525215**9117.53*9117.53*0*PT*0~REF*PO*0075057628~DTM*999*20080413~RMR*IV*257525344**6392.42*6392.42*0*PT*0~REF*PO*0075057884~DTM*999*20080414~RMR*IV*257690345**7099.16*7099.16*0*PT*0~REF*PO*0076053425~DTM*999*20080412~RMR*IV*257690356**3458.26*3458.26*0*PT*0~REF*PO*0076053674~DTM*999*20080413~RMR*IV*257690483**2953.93*2953.93*0*PT*0~REF*PO*0076053919~DTM*999*20080414~RMR*IV*257750804**7337.73*7337.73*0*PT*0~REF*PO*0077043675~DTM*999*20080412~RMR*IV*257750824**3978.8*3978.8*0*PT*0~REF*PO*0077043914~DTM*999*20080413~RMR*IV*257750917**2269.86*2269.86*0*PT*0~REF*PO*0077044166~DTM*999*20080414~RMR*IV*257894756**8836.16*8836.16*0*PT*0~REF*PO*0078061957~DTM*999*20080412~RMR*IV*257894779**9024.97*9024.97*0*PT*0~REF*PO*0078062175~DTM*999*20080413~RMR*IV*257894935**5620.33*5620.33*0*PT*0~REF*PO*0078062420~DTM*999*20080414~RMR*IV*257903246**11047.39*11047.39*0*PT*0~REF*PO*0079091932~DTM*999*20080412~RMR*IV*257903263**4228.55*4228.55*0*PT*0~REF*PO*0079092191~DTM*999*20080413~RMR*IV*257903386**2434.13*2434.13*0*PT*0~REF*PO*0079092463~DTM*999*20080414~RMR*IV*258084808**12028.1*12028.1*0*PT*0~REF*PO*0080080054~DTM*999*20080412~RMR*IV*258084824**4076.48*4076.48*0*PT*0~REF*PO*0080080305~DTM*999*20080413~RMR*IV*258084958**2657.2*2657.2*0*PT*0~REF*PO*0080080566~DTM*999*20080414~RMR*IV*258170871**12668.99*12668.99*0*PT*0~REF*PO*0081049630~DTM*999*20080412~RMR*IV*258170885**5069.32*5069.32*0*PT*0~REF*PO*0081049877~DTM*999*20080413~RMR*IV*258170975**3331.46*3331.46*0*PT*0~REF*PO*0081050140~DTM*999*20080414~RMR*IV*258219899**13818.99*13818.99*0*PT*0~REF*PO*0082054929~DTM*999*20080412~RMR*IV*258219918**11735.75*11735.75*0*PT*0~REF*PO*0082055145~DTM*999*20080413~RMR*IV*258220080**6508.38*6508.38*0*PT*0~REF*PO*0082055379~DTM*999*20080414~RMR*IV*258316242**20004.31*20004.31*0*PT*0~REF*PO*0083087148~DTM*999*20080412~RMR*IV*258316277**12329.02*12329.02*0*PT*0~REF*PO*0083087403~DTM*999*20080413~RMR*IV*258316407**5160.7*5160.7*0*PT*0~REF*PO*0083087679~DTM*999*20080414~RMR*IV*258419260**5783.53*5783.53*0*PT*0~REF*PO*0084031447~DTM*999*20080412~RMR*IV*258419270**2030.23*2030.23*0*PT*0~REF*PO*0084031718~DTM*999*20080413~RMR*IV*258419324**2052.14*2052.14*0*PT*0~REF*PO*0084031981~DTM*999*20080414~RMR*IV*258703589**8770.97*8770.97*0*PT*0~REF*PO*0087051116~DTM*999*20080412~RMR*IV*258703610**5045.07*5045.07*0*PT*0~REF*PO*0087051373~DTM*999*20080413~RMR*IV*258703793**2624.36*2624.36*0*PT*0~REF*PO*0087051646~DTM*999*20080414~RMR*IV*258977066**7654.48*7654.48*0*PT*0~REF*PO*0089019177~DTM*999*20080412~RMR*IV*258977077**5914.3*5914.3*0*PT*0~REF*PO*0089019412~DTM*999*20080413~RMR*IV*258977136**4007.81*4007.81*0*PT*0~REF*PO*0089019671~DTM*999*20080414~RMR*IV*360480786**7496.97*7496.97*0*PT*0~REF*PO*0004090975~DTM*999*20080412~RMR*IV*360480807**4697.56*4697.56*0*PT*0~REF*PO*0004091361~DTM*999*20080413~RMR*IV*360480923**1755.27*1755.27*0*PT*0~REF*PO*0004091673~DTM*999*20080414~RMR*IV*360552745**9993.8*9993.8*0*PT*0~REF*PO*0005054143~DTM*999*20080412~RMR*IV*360552761**7382.3*7382.3*0*PT*0~REF*PO*0005054388~DTM*999*20080413~RMR*IV*360552896**2168.41*2168.41*0*PT*0~REF*PO*0005054606~DTM*999*20080414~RMR*IV*361023861**8193.6*8193.6*0*PT*0~REF*PO*0010090727~DTM*999*20080412~RMR*IV*361023881**6232.13*6232.13*0*PT*0~REF*PO*0010091125~DTM*999*20080413~RMR*IV*361023987**3016.57*3016.57*0*PT*0~REF*PO*0010091423~DTM*999*20080414~RMR*IV*361102076**1607.48*1607.48*0*PT*0~REF*PO*0011008774~DTM*999*20080412~RMR*IV*361102081**1081.44*1081.44*0*PT*0~REF*PO*0011009021~DTM*999*20080413~RMR*IV*361102109**337.77*337.77*0*PT*0~REF*PO*0011009304~DTM*999*20080414~RMR*IV*361500098**7657.73*7657.73*0*PT*0~REF*PO*0015076669~DTM*999*20080412~RMR*IV*361500115**10191.34*10191.34*0*PT*0~REF*PO*0015076907~DTM*999*20080413~RMR*IV*361500195**1725.73*1725.73*0*PT*0~REF*PO*0015077117~DTM*999*20080414~RMR*IV*361680345**4577.01*4577.01*0*PT*0~REF*PO*0016079893~DTM*999*20080412~RMR*IV*361680360**4183.39*4183.39*0*PT*0~REF*PO*0016080152~DTM*999*20080413~RMR*IV*361680527**1147.38*1147.38*0*PT*0~REF*PO*0016080364~DTM*999*20080414~RMR*IV*362093894**10478.94*10478.94*0*PT*0~REF*PO*0020084415~DTM*999*20080412~RMR*IV*362093908**11831.94*11831.94*0*PT*0~REF*PO*0020084666~DTM*999*20080413~RMR*IV*362094082**2218.39*2218.39*0*PT*0~REF*PO*0020084895~DTM*999*20080414~RMR*IV*362615462**13267.86*13267.86*0*PT*0~REF*PO*0026064779~DTM*999*20080412~RMR*IV*362615477**14819*14819*0*PT*0~REF*PO*0026065018~DTM*999*20080413~RMR*IV*362615586**3599.21*3599.21*0*PT*0~REF*PO*0026065241~DTM*999*20080414~RMR*IV*362767410**3534.45*3534.45*0*PT*0~REF*PO*0027027778~DTM*999*20080412~RMR*IV*362767429**3254.69*3254.69*0*PT*0~REF*PO*0027028034~DTM*999*20080413~RMR*IV*362767503**480.15*480.15*0*PT*0~REF*PO*0027028270~DTM*999*20080414~RMR*IV*363104554**3306.99*3306.99*0*PT*0~REF*PO*0031028850~DTM*999*20080412~RMR*IV*363104571**4308.05*4308.05*0*PT*0~REF*PO*0031029104~DTM*999*20080413~RMR*IV*363104681**1216.26*1216.26*0*PT*0~REF*PO*0031029333~DTM*999*20080414~RMR*IV*363265449**7032.47*7032.47*0*PT*0~REF*PO*0032038408~DTM*999*20080412~RMR*IV*363265461**7066.6*7066.6*0*PT*0~REF*PO*0032038661~DTM*999*20080413~RMR*IV*363265541**1888.38*1888.38*0*PT*0~REF*PO*0032038890~DTM*999*20080414~RMR*IV*363304734**3838.32*3838.32*0*PT*0~REF*PO*0033001841~DTM*999*20080412~RMR*IV*363304750**2986.16*2986.16*0*PT*0~REF*PO*0033002096~DTM*999*20080413~RMR*IV*363304918**1195.81*1195.81*0*PT*0~REF*PO*0033002337~DTM*999*20080414~RMR*IV*363433591**7151.25*7151.25*0*PT*0~REF*PO*0034049705~DTM*999*20080412~RMR*IV*363433605**10142.47*10142.47*0*PT*0~REF*PO*0034049936~DTM*999*20080413~RMR*IV*363433724**1713.67*1713.67*0*PT*0~REF*PO*0034050181~DTM*999*20080414~RMR*IV*364109479**2564.79*2564.79*0*PT*0~REF*PO*0041004288~DTM*999*20080412~RMR*IV*364109491**1777.38*1777.38*0*PT*0~REF*PO*0041004509~DTM*999*20080413~RMR*IV*364109648**944.29*944.29*0*PT*0~REF*PO*0041004715~DTM*999*20080414~RMR*IV*364300531**2926.17*2926.17*0*PT*0~REF*PO*0043035466~DTM*999*20080412~RMR*IV*364300548**2623.48*2623.48*0*PT*0~REF*PO*0043035689~DTM*999*20080413~RMR*IV*364300614**603.43*603.43*0*PT*0~REF*PO*0043035900~DTM*999*20080414~RMR*IV*364495412**6427.66*6427.66*0*PT*0~REF*PO*0044085379~DTM*999*20080412~RMR*IV*364495427**6358.76*6358.76*0*PT*0~REF*PO*0044085683~DTM*999*20080413~RMR*IV*364495497**1338.19*1338.19*0*PT*0~REF*PO*0044085985~DTM*999*20080414~RMR*IV*364757909**8471.94*8471.94*0*PT*0~REF*PO*0047051064~DTM*999*20080412~RMR*IV*364757923**9416.58*9416.58*0*PT*0~REF*PO*0047051302~DTM*999*20080413~RMR*IV*364758083**2543.01*2543.01*0*PT*0~REF*PO*0047051534~DTM*999*20080414~RMR*IV*365073252**6222.63*6222.63*0*PT*0~REF*PO*0050015474~DTM*999*20080412~RMR*IV*365073268**6275.36*6275.36*0*PT*0~REF*PO*0050015708~DTM*999*20080413~RMR*IV*365073400**2160.62*2160.62*0*PT*0~REF*PO*0050015917~DTM*999*20080414~RMR*IV*365119048**2670.3*2670.3*0*PT*0~REF*PO*0051016921~DTM*999*20080412~RMR*IV*365119056**1665.67*1665.67*0*PT*0~REF*PO*0051017181~DTM*999*20080413~RMR*IV*365119100**895.89*895.89*0*PT*0~REF*PO*0051017402~DTM*999*20080414~RMR*IV*365218171**8576.06*8576.06*0*PT*0~REF*PO*0052073665~DTM*999*20080412~RMR*IV*365218186**11102.16*11102.16*0*PT*0~REF*PO*0052073922~DTM*999*20080413~RMR*IV*365218271**2500.07*2500.07*0*PT*0~REF*PO*0052074135~DTM*999*20080414~RMR*IV*365474836**2130.73*2130.73*0*PT*0~REF*PO*0054045710~DTM*999*20080412~RMR*IV*365474848**1514.27*1514.27*0*PT*0~REF*PO*0054045937~DTM*999*20080413~RMR*IV*365474926**587.02*587.02*0*PT*0~REF*PO*0054046149~DTM*999*20080414~RMR*IV*366147941**4427.92*4427.92*0*PT*0~REF*PO*0061091832~DTM*999*20080412~RMR*IV*366147948**4400.25*4400.25*0*PT*0~REF*PO*0061092099~DTM*999*20080413~RMR*IV*366148058**1004.64*1004.64*0*PT*0~REF*PO*0061092425~DTM*999*20080414~RMR*IV*366337973**3527.33*3527.33*0*PT*0~REF*PO*0063065584~DTM*999*20080412~RMR*IV*366337987**2972.8*2972.8*0*PT*0~REF*PO*0063065802~DTM*999*20080413~RMR*IV*366338127**874.5*874.5*0*PT*0~REF*PO*0063066035~DTM*999*20080414~RMR*IV*381184168**855.43*855.43*0*PT*0~REF*PO*0011037084~DTM*999*20080412~RMR*IV*381184186**410.78*410.78*0*PT*0~REF*PO*0011037290~DTM*999*20080413~RMR*IV*381184368**710.41*710.41*0*PT*0~REF*PO*0011037475~DTM*999*20080414~RMR*IV*381261495**3992.69*3992.69*0*PT*0~REF*PO*0012058248~DTM*999*20080412~RMR*IV*381261513**2581.32*2581.32*0*PT*0~REF*PO*0012058452~DTM*999*20080413~RMR*IV*381261680**1289.43*1289.43*0*PT*0~REF*PO*0012058687~DTM*999*20080414~RMR*IV*381356597**2361.61*2361.61*0*PT*0~REF*PO*0013026815~DTM*999*20080412~RMR*IV*381356615**1048.85*1048.85*0*PT*0~REF*PO*0013027011~DTM*999*20080413~RMR*IV*381356757**805.44*805.44*0*PT*0~REF*PO*0013027217~DTM*999*20080414~RMR*IV*381484443**1426.38*1426.38*0*PT*0~REF*PO*0014016659~DTM*999*20080412~RMR*IV*381484459**1046.58*1046.58*0*PT*0~REF*PO*0014016874~DTM*999*20080413~RMR*IV*381484555**768.38*768.38*0*PT*0~REF*PO*0014017085~DTM*999*20080414~RMR*IV*381678548**1163.69*1163.69*0*PT*0~REF*PO*0016009714~DTM*999*20080412~RMR*IV*381678569**578.62*578.62*0*PT*0~REF*PO*0016009931~DTM*999*20080413~RMR*IV*381678708**696.77*696.77*0*PT*0~REF*PO*0016010144~DTM*999*20080414~RMR*IV*381923435**635.99*635.99*0*PT*0~REF*PO*0019078055~DTM*999*20080412~RMR*IV*381923449**342.27*342.27*0*PT*0~REF*PO*0019078246~DTM*999*20080413~RMR*IV*381923547**311.82*311.82*0*PT*0~REF*PO*0019078437~DTM*999*20080414~RMR*IV*382126728**1120.2*1120.2*0*PT*0~REF*PO*0021094192~DTM*999*20080412~RMR*IV*382126742**881*881*0*PT*0~REF*PO*0021094486~DTM*999*20080413~RMR*IV*382126899**455.26*455.26*0*PT*0~REF*PO*0021094667~DTM*999*20080414~RMR*IV*382228740**2035.51*2035.51*0*PT*0~REF*PO*0022009094~DTM*999*20080412~RMR*IV*382228754**1873.66*1873.66*0*PT*0~REF*PO*0022009324~DTM*999*20080413~RMR*IV*382228916**1493.75*1493.75*0*PT*0~REF*PO*0022009594~DTM*999*20080414~RMR*IV*382339000**1004.26*1004.26*0*PT*0~REF*PO*0023093889~DTM*999*20080412~RMR*IV*382339016**413.53*413.53*0*PT*0~REF*PO*0023094091~DTM*999*20080413~RMR*IV*382339137**453.15*453.15*0*PT*0~REF*PO*0023094326~DTM*999*20080414~RMR*IV*382519776**913.73*913.73*0*PT*0~REF*PO*0025005117~DTM*999*20080412~RMR*IV*382519786**691.91*691.91*0*PT*0~REF*PO*0025005354~DTM*999*20080413~RMR*IV*382519965**453.85*453.85*0*PT*0~REF*PO*0025005592~DTM*999*20080414~RMR*IV*382818269**1666.64*1666.64*0*PT*0~REF*PO*0028034461~DTM*999*20080412~RMR*IV*382818281**1279.32*1279.32*0*PT*0~REF*PO*0028034654~DTM*999*20080413~RMR*IV*382818500**832.45*832.45*0*PT*0~REF*PO*0028034910~DTM*999*20080414~RMR*IV*383134178**938.29*938.29*0*PT*0~REF*PO*0031056748~DTM*999*20080412~RMR*IV*383134193**727.73*727.73*0*PT*0~REF*PO*0031056947~DTM*999*20080413~RMR*IV*383134408**144.8*144.8*0*PT*0~REF*PO*0031057143~DTM*999*20080414~RMR*IV*383299739**3079.06*3079.06*0*PT*0~REF*PO*0032000989~DTM*999*20080412~RMR*IV*383299754**2022.42*2022.42*0*PT*0~REF*PO*0032001166~DTM*999*20080413~RMR*IV*383299963**1412.24*1412.24*0*PT*0~REF*PO*0032001344~DTM*999*20080414~RMR*IV*383673994**1668.86*1668.86*0*PT*0~REF*PO*0036089165~DTM*999*20080412~RMR*IV*383674006**596.11*596.11*0*PT*0~REF*PO*0036089364~DTM*999*20080413~RMR*IV*383674103**529.82*529.82*0*PT*0~REF*PO*0036089590~DTM*999*20080414~RMR*IV*384338468**315.37*315.37*0*PT*0~REF*PO*0043061995~DTM*999*20080412~RMR*IV*384338475**249.12*249.12*0*PT*0~REF*PO*0043062210~DTM*999*20080413~RMR*IV*384338614**254.32*254.32*0*PT*0~REF*PO*0043062410~DTM*999*20080414~RMR*IV*384474522**1655.69*1655.69*0*PT*0~REF*PO*0044096044~DTM*999*20080412~RMR*IV*384474533**1090.78*1090.78*0*PT*0~REF*PO*0044096246~DTM*999*20080413~RMR*IV*384474704**572.78*572.78*0*PT*0~REF*PO*0044096449~DTM*999*20080414~RMR*IV*385478442**1656.61*1656.61*0*PT*0~REF*PO*0054095646~DTM*999*20080412~RMR*IV*385478455**652.73*652.73*0*PT*0~REF*PO*0054095860~DTM*999*20080413~RMR*IV*385478573**1299.94*1299.94*0*PT*0~REF*PO*0054096079~DTM*999*20080414~RMR*IV*385558901**1147.76*1147.76*0*PT*0~REF*PO*0055075098~DTM*999*20080412~RMR*IV*385558914**842.57*842.57*0*PT*0~REF*PO*0055075309~DTM*999*20080413~RMR*IV*385559006**715.2*715.2*0*PT*0~REF*PO*0055075533~DTM*999*20080414~RMR*IV*385641844**997.64*997.64*0*PT*0~REF*PO*0056061922~DTM*999*20080412~RMR*IV*385641852**491.14*491.14*0*PT*0~REF*PO*0056062120~DTM*999*20080413~RMR*IV*385641918**230.6*230.6*0*PT*0~REF*PO*0056062324~DTM*999*20080414~RMR*IV*385781602**2054.93*2054.93*0*PT*0~REF*PO*0057098395~DTM*999*20080412~RMR*IV*385781616**945.13*945.13*0*PT*0~REF*PO*0057098610~DTM*999*20080413~RMR*IV*385781728**910.92*910.92*0*PT*0~REF*PO*0057098829~DTM*999*20080414~RMR*IV*386159058**1762.34*1762.34*0*PT*0~REF*PO*0061076591~DTM*999*20080412~RMR*IV*386159079**600.34*600.34*0*PT*0~REF*PO*0061076797~DTM*999*20080413~RMR*IV*386159262**570.73*570.73*0*PT*0~REF*PO*0061077030~DTM*999*20080414~RMR*IV*386220727**1049.48*1049.48*0*PT*0~REF*PO*0062053988~DTM*999*20080412~RMR*IV*386220735**426.69*426.69*0*PT*0~REF*PO*0062054180~DTM*999*20080413~RMR*IV*386220825**155.6*155.6*0*PT*0~REF*PO*0062054369~DTM*999*20080414~RMR*IV*386354398**1168.26*1168.26*0*PT*0~REF*PO*0063088874~DTM*999*20080412~RMR*IV*386354408**2055.59*2055.59*0*PT*0~REF*PO*0063089071~DTM*999*20080413~RMR*IV*386354496**596.42*596.42*0*PT*0~REF*PO*0063089288~DTM*999*20080414~RMR*IV*386709038**533.79*533.79*0*PT*0~REF*PO*0067042992~DTM*999*20080412~RMR*IV*386709048**339.47*339.47*0*PT*0~REF*PO*0067043189~DTM*999*20080413~RMR*IV*386709165**201.57*201.57*0*PT*0~REF*PO*0067043385~DTM*999*20080414~RMR*IV*386815122**1369.33*1369.33*0*PT*0~REF*PO*0068079611~DTM*999*20080412~RMR*IV*386815134**630.47*630.47*0*PT*0~REF*PO*0068079850~DTM*999*20080413~RMR*IV*386815198**903.09*903.09*0*PT*0~REF*PO*0068080063~DTM*999*20080414~RMR*IV*387298818**762.5*762.5*0*PT*0~REF*PO*0072023384~DTM*999*20080412~RMR*IV*387298831**534.69*534.69*0*PT*0~REF*PO*0072023615~DTM*999*20080413~RMR*IV*387298916**207.51*207.51*0*PT*0~REF*PO*0072023832~DTM*999*20080414~RMR*IV*388347913**503.88*503.88*0*PT*0~REF*PO*0083076965~DTM*999*20080412~RMR*IV*388347921**632.98*632.98*0*PT*0~REF*PO*0083077162~DTM*999*20080413~RMR*IV*388348013**271.38*271.38*0*PT*0~REF*PO*0083077363~DTM*999*20080414~RMR*IV*388558803**955.21*955.21*0*PT*0~REF*PO*0085071192~DTM*999*20080412~RMR*IV*388558812**955.1*955.1*0*PT*0~REF*PO*0085071412~DTM*999*20080413~RMR*IV*388558897**714.67*714.67*0*PT*0~REF*PO*0085071590~DTM*999*20080414~RMR*IV*388763060**534.24*534.24*0*PT*0~REF*PO*0087090129~DTM*999*20080412~RMR*IV*388763076**1115.81*1115.81*0*PT*0~REF*PO*0087090324~DTM*999*20080413~RMR*IV*388763156**516.91*516.91*0*PT*0~REF*PO*0087090526~DTM*999*20080414~RMR*IV*388951698**319.46*319.46*0*PT*0~REF*PO*0089071659~DTM*999*20080412~RMR*IV*388951711**365.91*365.91*0*PT*0~REF*PO*0089071862~DTM*999*20080413~RMR*IV*388951829**321.55*321.55*0*PT*0~REF*PO*0089072060~DTM*999*20080414~RMR*IV*410134602**12797.87*12797.87*0*PT*0~REF*PO*0001048629~DTM*999*20080412~RMR*IV*410134623**8466.81*8466.81*0*PT*0~REF*PO*0001048854~DTM*999*20080413~RMR*IV*410134701**5260.12*5260.12*0*PT*0~REF*PO*0001049086~DTM*999*20080414~RMR*IV*410224935**13399.47*13399.47*0*PT*0~REF*PO*0002067447~DTM*999*20080412~RMR*IV*410224951**9220.42*9220.42*0*PT*0~REF*PO*0002067716~DTM*999*20080413~RMR*IV*410225143**4784.14*4784.14*0*PT*0~REF*PO*0002068063~DTM*999*20080414~RMR*IV*410348262**7249.36*7249.36*0*PT*0~REF*PO*0003093589~DTM*999*20080412~RMR*IV*410348280**5586.22*5586.22*0*PT*0~REF*PO*0003093820~DTM*999*20080413~RMR*IV*410348393**2476.71*2476.71*0*PT*0~REF*PO*0003094070~DTM*999*20080414~RMR*IV*410451529**13753.31*13753.31*0*PT*0~REF*PO*0004010652~DTM*999*20080412~RMR*IV*410451555**7333.5*7333.5*0*PT*0~REF*PO*0004010905~DTM*999*20080413~RMR*IV*410451700**3235.22*3235.22*0*PT*0~REF*PO*0004011175~DTM*999*20080414~RMR*IV*410635024**9408.03*9408.03*0*PT*0~REF*PO*0006008485~DTM*999*20080412~RMR*IV*410635048**6305.97*6305.97*0*PT*0~REF*PO*0006008716~DTM*999*20080413~RMR*IV*410635198**2903.56*2903.56*0*PT*0~REF*PO*0006008972~DTM*999*20080414~RMR*IV*410915272**9102.8*9102.8*0*PT*0~REF*PO*0009078004~DTM*999*20080412~RMR*IV*410915289**5880.67*5880.67*0*PT*0~REF*PO*0009078261~DTM*999*20080413~RMR*IV*410915398**3477.22*3477.22*0*PT*0~REF*PO*0009078522~DTM*999*20080414~RMR*IV*411284885**8579.06*8579.06*0*PT*0~REF*PO*0012065868~DTM*999*20080412~RMR*IV*411284910**5342.03*5342.03*0*PT*0~REF*PO*0012066105~DTM*999*20080413~RMR*IV*411285084**4470.93*4470.93*0*PT*0~REF*PO*0012066391~DTM*999*20080414~RMR*IV*411486643**17644.42*17644.42*0*PT*0~REF*PO*0014095487~DTM*999*20080412~RMR*IV*411486695**11352.38*11352.38*0*PT*0~REF*PO*0014095736~DTM*999*20080413~RMR*IV*411486846**6866.45*6866.45*0*PT*0~REF*PO*0014096000~DTM*999*20080414~RMR*IV*411974962**13201.87*13201.87*0*PT*0~REF*PO*0019035862~DTM*999*20080412~RMR*IV*411974984**7946.55*7946.55*0*PT*0~REF*PO*0019036096~DTM*999*20080413~RMR*IV*411975116**3802.4*3802.4*0*PT*0~REF*PO*0019036348~DTM*999*20080414~RMR*IV*412113549**8466.74*8466.74*0*PT*0~REF*PO*0021023056~DTM*999*20080412~RMR*IV*412113561**3678.78*3678.78*0*PT*0~REF*PO*0021023284~DTM*999*20080413~RMR*IV*412113676**2318.66*2318.66*0*PT*0~REF*PO*0021023527~DTM*999*20080414~RMR*IV*413225804**12233.12*12233.12*0*PT*0~REF*PO*0032013737~DTM*999*20080412~RMR*IV*413225824**6146.68*6146.68*0*PT*0~REF*PO*0032013985~DTM*999*20080413~RMR*IV*413226037**3527.05*3527.05*0*PT*0~REF*PO*0032014259~DTM*999*20080414~RMR*IV*413436710**5819.46*5819.46*0*PT*0~REF*PO*0034090864~DTM*999*20080412~RMR*IV*413436727**4461.33*4461.33*0*PT*0~REF*PO*0034091106~DTM*999*20080413~RMR*IV*413436853**2218.81*2218.81*0*PT*0~REF*PO*0034091364~DTM*999*20080414~RMR*IV*413728178**9676.73*9676.73*0*PT*0~REF*PO*0037067425~DTM*999*20080412~RMR*IV*413728195**6855.55*6855.55*0*PT*0~REF*PO*0037067684~DTM*999*20080413~RMR*IV*413728293**4014.16*4014.16*0*PT*0~REF*PO*0037067976~DTM*999*20080414~RMR*IV*414285081**10498.22*10498.22*0*PT*0~REF*PO*0042040550~DTM*999*20080412~RMR*IV*414285099**7085.56*7085.56*0*PT*0~REF*PO*0042040830~DTM*999*20080413~RMR*IV*414285245**3733.35*3733.35*0*PT*0~REF*PO*0042041094~DTM*999*20080414~RMR*IV*414303476**6931.68*6931.68*0*PT*0~REF*PO*0043006225~DTM*999*20080412~RMR*IV*414303494**6356.33*6356.33*0*PT*0~REF*PO*0043006451~DTM*999*20080413~RMR*IV*414303619**2374.34*2374.34*0*PT*0~REF*PO*0043006697~DTM*999*20080414~RMR*IV*414526928**10563.23*10563.23*0*PT*0~REF*PO*0045094093~DTM*999*20080412~RMR*IV*414526942**5130.44*5130.44*0*PT*0~REF*PO*0045094334~DTM*999*20080413~RMR*IV*414527059**2774.55*2774.55*0*PT*0~REF*PO*0045094607~DTM*999*20080414~RMR*IV*415002945**6778.28*6778.28*0*PT*0~REF*PO*0050027751~DTM*999*20080412~RMR*IV*415002962**4667.01*4667.01*0*PT*0~REF*PO*0050027992~DTM*999*20080413~RMR*IV*415003117**2405.54*2405.54*0*PT*0~REF*PO*0050028256~DTM*999*20080414~RMR*IV*415855623**8179.61*8179.61*0*PT*0~REF*PO*0058068250~DTM*999*20080412~RMR*IV*415855637**5057.15*5057.15*0*PT*0~REF*PO*0058068509~DTM*999*20080413~RMR*IV*415855746**3159.45*3159.45*0*PT*0~REF*PO*0058068731~DTM*999*20080414~RMR*IV*416321888**4617.2*4617.2*0*PT*0~REF*PO*0063016851~DTM*999*20080412~RMR*IV*416321906**4115.29*4115.29*0*PT*0~REF*PO*0063017078~DTM*999*20080413~RMR*IV*416322018**2408.84*2408.84*0*PT*0~REF*PO*0063017310~DTM*999*20080414~RMR*IV*416604059**5229.75*5229.75*0*PT*0~REF*PO*0066052212~DTM*999*20080412~RMR*IV*416604075**3530.29*3530.29*0*PT*0~REF*PO*0066052454~DTM*999*20080413~RMR*IV*416604264**1752.82*1752.82*0*PT*0~REF*PO*0066052710~DTM*999*20080414~RMR*IV*418199781**13819.59*13819.59*0*PT*0~REF*PO*0081017463~DTM*999*20080412~RMR*IV*418199793**9498.02*9498.02*0*PT*0~REF*PO*0081017710~DTM*999*20080413~RMR*IV*418199918**4745.29*4745.29*0*PT*0~REF*PO*0081017971~DTM*999*20080414~RMR*IV*418769949**10784.79*10784.79*0*PT*0~REF*PO*0087068084~DTM*999*20080412~RMR*IV*418769969**7404.14*7404.14*0*PT*0~REF*PO*0087068317~DTM*999*20080413~RMR*IV*418770092**3361.66*3361.66*0*PT*0~REF*PO*0087068554~DTM*999*20080414~RMR*IV*418842166**15228.03*15228.03*0*PT*0~REF*PO*0088039917~DTM*999*20080412~RMR*IV*418842188**12545.72*12545.72*0*PT*0~REF*PO*0088040157~DTM*999*20080413~RMR*IV*418842341**4929.49*4929.49*0*PT*0~REF*PO*0088040402~DTM*999*20080414~RMR*IV*460137199**21583.56*21583.56*0*PT*0~REF*PO*0001037296~DTM*999*20080412~RMR*IV*460137221**8622.1*8622.1*0*PT*0~REF*PO*0001037561~DTM*999*20080413~RMR*IV*460137412**5846.19*5846.19*0*PT*0~REF*PO*0001037840~DTM*999*20080414~RMR*IV*460215904**12571.16*12571.16*0*PT*0~REF*PO*0002039653~DTM*999*20080412~RMR*IV*460215929**6220.08*6220.08*0*PT*0~REF*PO*0002039910~DTM*999*20080413~RMR*IV*460216061**3568.08*3568.08*0*PT*0~REF*PO*0002040174~DTM*999*20080414~RMR*IV*460378911**16259.14*16259.14*0*PT*0~REF*PO*0003007348~DTM*999*20080412~RMR*IV*460378932**10403.84*10403.84*0*PT*0~REF*PO*0003007599~DTM*999*20080413~RMR*IV*460379053**4975.75*4975.75*0*PT*0~REF*PO*0003007842~DTM*999*20080414~RMR*IV*460443607**18752.94*18752.94*0*PT*0~REF*PO*0004088756~DTM*999*20080412~RMR*IV*460443624**9203.94*9203.94*0*PT*0~REF*PO*0004088996~DTM*999*20080413~RMR*IV*460443696**6563.77*6563.77*0*PT*0~REF*PO*0004089254~DTM*999*20080414~RMR*IV*460520722**23788.64*23788.64*0*PT*0~REF*PO*0005032880~DTM*999*20080412~RMR*IV*460520765**11404.27*11404.27*0*PT*0~REF*PO*0005033131~DTM*999*20080413~RMR*IV*460520905**6271.99*6271.99*0*PT*0~REF*PO*0005033426~DTM*999*20080414~RMR*IV*460724275**6534.6*6534.6*0*PT*0~REF*PO*0007064853~DTM*999*20080412~RMR*IV*460724291**3837.59*3837.59*0*PT*0~REF*PO*0007065106~DTM*999*20080413~RMR*IV*460724427**2446.4*2446.4*0*PT*0~REF*PO*0007065494~DTM*999*20080414~RMR*IV*460809704**28342.72*28342.72*0*PT*0~REF*PO*0008037647~DTM*999*20080412~RMR*IV*460809728**15994.98*15994.98*0*PT*0~REF*PO*0008037902~DTM*999*20080413~RMR*IV*460809919**8206.94*8206.94*0*PT*0~REF*PO*0008038167~DTM*999*20080414~RMR*IV*460951356**2998.03*2998.03*0*PT*0~REF*PO*0009087067~DTM*999*20080412~RMR*IV*460951365**1251.64*1251.64*0*PT*0~REF*PO*0009087317~DTM*999*20080413~RMR*IV*460951509**810.94*810.94*0*PT*0~REF*PO*0009087546~DTM*999*20080414~RMR*IV*461157470**8276.41*8276.41*0*PT*0~REF*PO*0011009459~DTM*999*20080412~RMR*IV*461157483**6017.71*6017.71*0*PT*0~REF*PO*0011009666~DTM*999*20080413~RMR*IV*461157578**2102.53*2102.53*0*PT*0~REF*PO*0011009903~DTM*999*20080414~RMR*IV*461270266**9517.94*9517.94*0*PT*0~REF*PO*0012016517~DTM*999*20080412~RMR*IV*461270279**7405.39*7405.39*0*PT*0~REF*PO*0012016734~DTM*999*20080413~RMR*IV*461270390**3236.23*3236.23*0*PT*0~REF*PO*0012016975~DTM*999*20080414~RMR*IV*461390847**11728.69*11728.69*0*PT*0~REF*PO*0013010530~DTM*999*20080412~RMR*IV*461390869**7851.46*7851.46*0*PT*0~REF*PO*0013010738~DTM*999*20080413~RMR*IV*461391023**3334.31*3334.31*0*PT*0~REF*PO*0013010981~DTM*999*20080414~RMR*IV*461496710**13876.84*13876.84*0*PT*0~REF*PO*0014050959~DTM*999*20080412~RMR*IV*461496724**12370.17*12370.17*0*PT*0~REF*PO*0014051166~DTM*999*20080413~RMR*IV*461496869**3933.88*3933.88*0*PT*0~REF*PO*0014051402~DTM*999*20080414~RMR*IV*461548564**13998.21*13998.21*0*PT*0~REF*PO*0015019675~DTM*999*20080412~RMR*IV*461548592**11259.89*11259.89*0*PT*0~REF*PO*0015019885~DTM*999*20080413~RMR*IV*461548771**4199.97*4199.97*0*PT*0~REF*PO*0015020113~DTM*999*20080414~RMR*IV*461618796**8224.15*8224.15*0*PT*0~REF*PO*0016077839~DTM*999*20080412~RMR*IV*461618812**5531.67*5531.67*0*PT*0~REF*PO*0016078059~DTM*999*20080413~RMR*IV*461618964**1849.25*1849.25*0*PT*0~REF*PO*0016078293~DTM*999*20080414~RMR*IV*461711257**10676.89*10676.89*0*PT*0~REF*PO*0017045614~DTM*999*20080412~RMR*IV*461711277**6768.26*6768.26*0*PT*0~REF*PO*0017045845~DTM*999*20080413~RMR*IV*461711481**3815.99*3815.99*0*PT*0~REF*PO*0017046088~DTM*999*20080414~RMR*IV*461854906**7716.13*7716.13*0*PT*0~REF*PO*0018091922~DTM*999*20080412~RMR*IV*461854920**2491.86*2491.86*0*PT*0~REF*PO*0018092173~DTM*999*20080413~RMR*IV*461854961**1533.42*1533.42*0*PT*0~REF*PO*0018092449~DTM*999*20080414~RMR*IV*461911879**10437.23*10437.23*0*PT*0~REF*PO*0019005874~DTM*999*20080412~RMR*IV*461911891**8867.17*8867.17*0*PT*0~REF*PO*0019006080~DTM*999*20080413~RMR*IV*461912062**2303.45*2303.45*0*PT*0~REF*PO*0019006312~DTM*999*20080414~RMR*IV*462024115**12747.71*12747.71*0*PT*0~REF*PO*0020008455~DTM*999*20080412~RMR*IV*462024125**8641.99*8641.99*0*PT*0~REF*PO*0020008711~DTM*999*20080413~RMR*IV*462024263**3988.23*3988.23*0*PT*0~REF*PO*0020008981~DTM*999*20080414~RMR*IV*462103881**22565.82*22565.82*0*PT*0~REF*PO*0021062664~DTM*999*20080412~RMR*IV*462103903**13964.78*13964.78*0*PT*0~REF*PO*0021063026~DTM*999*20080413~RMR*IV*462104069**8107.92*8107.92*0*PT*0~REF*PO*0021063479~DTM*999*20080414~RMR*IV*462271532**8364.73*8364.73*0*PT*0~REF*PO*0022089311~DTM*999*20080412~RMR*IV*462271555**8258.96*8258.96*0*PT*0~REF*PO*0022089505~DTM*999*20080413~RMR*IV*462271723**2756.78*2756.78*0*PT*0~REF*PO*0022089710~DTM*999*20080414~RMR*IV*462415092**10089.58*10089.58*0*PT*0~REF*PO*0024087072~DTM*999*20080412~RMR*IV*462415113**6324.74*6324.74*0*PT*0~REF*PO*0024087324~DTM*999*20080413~RMR*IV*462415271**2582.38*2582.38*0*PT*0~REF*PO*0024087567~DTM*999*20080414~RMR*IV*462669443**13274.94*13274.94*0*PT*0~REF*PO*0026021970~DTM*999*20080412~RMR*IV*462669472**12251.57*12251.57*0*PT*0~REF*PO*0026022171~DTM*999*20080413~RMR*IV*462669663**2579.81*2579.81*0*PT*0~REF*PO*0026022413~DTM*999*20080414~RMR*IV*462715226**8161.63*8161.63*0*PT*0~REF*PO*0027034326~DTM*999*20080412~RMR*IV*462715238**9157.73*9157.73*0*PT*0~REF*PO*0027034547~DTM*999*20080413~RMR*IV*462715349**1893.74*1893.74*0*PT*0~REF*PO*0027034803~DTM*999*20080414~RMR*IV*462820295**4020.23*4020.23*0*PT*0~REF*PO*0028031221~DTM*999*20080412~RMR*IV*462820308**1830.03*1830.03*0*PT*0~REF*PO*0028031440~DTM*999*20080413~RMR*IV*462820437**628.38*628.38*0*PT*0~REF*PO*0028031640~DTM*999*20080414~RMR*IV*463116053**8241.2*8241.2*0*PT*0~REF*PO*0031055406~DTM*999*20080412~RMR*IV*463116073**7445.07*7445.07*0*PT*0~REF*PO*0031055629~DTM*999*20080413~RMR*IV*463116204**3145.26*3145.26*0*PT*0~REF*PO*0031055871~DTM*999*20080414~RMR*IV*463205062**6616.63*6616.63*0*PT*0~REF*PO*0032018579~DTM*999*20080412~RMR*IV*463205077**6200.86*6200.86*0*PT*0~REF*PO*0032018792~DTM*999*20080413~RMR*IV*463205219**2805.33*2805.33*0*PT*0~REF*PO*0032019057~DTM*999*20080414~RMR*IV*463312835**8169.73*8169.73*0*PT*0~REF*PO*0033097533~DTM*999*20080412~RMR*IV*463312855**7684.75*7684.75*0*PT*0~REF*PO*0033097754~DTM*999*20080413~RMR*IV*463313057**3163.92*3163.92*0*PT*0~REF*PO*0033097992~DTM*999*20080414~RMR*IV*463461040**3563.69*3563.69*0*PT*0~REF*PO*0034009365~DTM*999*20080412~RMR*IV*463461050**1215.5*1215.5*0*PT*0~REF*PO*0034009598~DTM*999*20080413~RMR*IV*463461169**479.05*479.05*0*PT*0~REF*PO*0034009829~DTM*999*20080414~RMR*IV*463588677**7797.12*7797.12*0*PT*0~REF*PO*0035022727~DTM*999*20080412~RMR*IV*463588695**9545.03*9545.03*0*PT*0~REF*PO*0035022931~DTM*999*20080413~RMR*IV*463588800**3993.36*3993.36*0*PT*0~REF*PO*0035023161~DTM*999*20080414~RMR*IV*463722248**10439.4*10439.4*0*PT*0~REF*PO*0037016231~DTM*999*20080412~RMR*IV*463722265**5994.45*5994.45*0*PT*0~REF*PO*0037016456~DTM*999*20080413~RMR*IV*463722357**3460.55*3460.55*0*PT*0~REF*PO*0037016680~DTM*999*20080414~RMR*IV*463874939**12261.12*12261.12*0*PT*0~REF*PO*0038054037~DTM*999*20080412~RMR*IV*463874955**9709.66*9709.66*0*PT*0~REF*PO*0038054279~DTM*999*20080413~RMR*IV*463875060**6839.08*6839.08*0*PT*0~REF*PO*0038054556~DTM*999*20080414~RMR*IV*463940258**11079.49*11079.49*0*PT*0~REF*PO*0039005795~DTM*999*20080412~RMR*IV*463940274**6051.52*6051.52*0*PT*0~REF*PO*0039006019~DTM*999*20080413~RMR*IV*463940430**3725.68*3725.68*0*PT*0~REF*PO*0039006260~DTM*999*20080414~RMR*IV*464044104**14885.01*14885.01*0*PT*0~REF*PO*0040007766~DTM*999*20080412~RMR*IV*464044119**8148.15*8148.15*0*PT*0~REF*PO*0040007991~DTM*999*20080413~RMR*IV*464044258**4630.88*4630.88*0*PT*0~REF*PO*0040008253~DTM*999*20080414~RMR*IV*464130154**16225.45*16225.45*0*PT*0~REF*PO*0041019335~DTM*999*20080412~RMR*IV*464130172**9409.06*9409.06*0*PT*0~REF*PO*0041019598~DTM*999*20080413~RMR*IV*464130366**5535.33*5535.33*0*PT*0~REF*PO*0041019872~DTM*999*20080414~RMR*IV*464311337**13610.25*13610.25*0*PT*0~REF*PO*0043022867~DTM*999*20080412~RMR*IV*464311362**13087.21*13087.21*0*PT*0~REF*PO*0043023096~DTM*999*20080413~RMR*IV*464311485**2021.12*2021.12*0*PT*0~REF*PO*0043023320~DTM*999*20080414~RMR*IV*464502961**2132.29*2132.29*0*PT*0~REF*PO*0045098982~DTM*999*20080412~RMR*IV*464502973**829.25*829.25*0*PT*0~REF*PO*0045099204~DTM*999*20080413~RMR*IV*464503043**668.96*668.96*0*PT*0~REF*PO*0045099433~DTM*999*20080414~RMR*IV*464722724**16033.59*16033.59*0*PT*0~REF*PO*0047092637~DTM*999*20080412~RMR*IV*464722740**5424.35*5424.35*0*PT*0~REF*PO*0047092904~DTM*999*20080413~RMR*IV*464722851**3107.8*3107.8*0*PT*0~REF*PO*0047093150~DTM*999*20080414~RMR*IV*464855683**10571.45*10571.45*0*PT*0~REF*PO*0048092061~DTM*999*20080412~RMR*IV*464855725**3488.64*3488.64*0*PT*0~REF*PO*0048092301~DTM*999*20080413~RMR*IV*464855777**2433.48*2433.48*0*PT*0~REF*PO*0048092533~DTM*999*20080414~RMR*IV*465093098**4614.18*4614.18*0*PT*0~REF*PO*0050063386~DTM*999*20080412~RMR*IV*465093106**3480.19*3480.19*0*PT*0~REF*PO*0050063581~DTM*999*20080413~RMR*IV*465093190**1265.93*1265.93*0*PT*0~REF*PO*0050063796~DTM*999*20080414~RMR*IV*465360444**6899.02*6899.02*0*PT*0~REF*PO*0053091449~DTM*999*20080412~RMR*IV*465360454**5074.1*5074.1*0*PT*0~REF*PO*0053091678~DTM*999*20080413~RMR*IV*465360569**1697.53*1697.53*0*PT*0~REF*PO*0053091912~DTM*999*20080414~RMR*IV*465456846**1595.83*1595.83*0*PT*0~REF*PO*0054001718~DTM*999*20080412~RMR*IV*465456856**600.82*600.82*0*PT*0~REF*PO*0054001954~DTM*999*20080413~RMR*IV*465456894**145.43*145.43*0*PT*0~REF*PO*0054002166~DTM*999*20080414~RMR*IV*465557688**4286.52*4286.52*0*PT*0~REF*PO*0055085271~DTM*999*20080412~RMR*IV*465557701**1629.7*1629.7*0*PT*0~REF*PO*0055085523~DTM*999*20080413~RMR*IV*465557751**979.69*979.69*0*PT*0~REF*PO*0055085759~DTM*999*20080414~RMR*IV*465672704**12440.14*12440.14*0*PT*0~REF*PO*0056089943~DTM*999*20080412~RMR*IV*465672721**13285.39*13285.39*0*PT*0~REF*PO*0056090176~DTM*999*20080413~RMR*IV*465672916**1700.48*1700.48*0*PT*0~REF*PO*0056090399~DTM*999*20080414~RMR*IV*465924984**2479.73*2479.73*0*PT*0~REF*PO*0059052993~DTM*999*20080412~RMR*IV*465924993**2259.47*2259.47*0*PT*0~REF*PO*0059053210~DTM*999*20080413~RMR*IV*465925048**984.93*984.93*0*PT*0~REF*PO*0059053432~DTM*999*20080414~RMR*IV*466023186**12164.06*12164.06*0*PT*0~REF*PO*0060032784~DTM*999*20080412~RMR*IV*466023196**7243.79*7243.79*0*PT*0~REF*PO*0060033014~DTM*999*20080413~RMR*IV*466023285**2093.74*2093.74*0*PT*0~REF*PO*0060033264~DTM*999*20080414~RMR*IV*480559380**11087.47*11087.47*0*PT*0~REF*PO*0005079295~DTM*999*20080412~RMR*IV*480559403**5522.41*5522.41*0*PT*0~REF*PO*0005079546~DTM*999*20080413~RMR*IV*480559563**2705.4*2705.4*0*PT*0~REF*PO*0005079814~DTM*999*20080414~RMR*IV*684318886**2878.09*2878.09*0*PT*0~REF*PO*0043041227~DTM*999*20080412~RMR*IV*684318899**2442.34*2442.34*0*PT*0~REF*PO*0043041441~DTM*999*20080413~RMR*IV*684319069**1116.98*1116.98*0*PT*0~REF*PO*0043041688~DTM*999*20080414~RMR*IV*686626066**5985.18*5985.18*0*PT*0~REF*PO*0066041113~DTM*999*20080412~RMR*IV*686626080**4503.76*4503.76*0*PT*0~REF*PO*0066041399~DTM*999*20080413~RMR*IV*686626209**1811.35*1811.35*0*PT*0~REF*PO*0066041577~DTM*999*20080414~RMR*IV*694538768**4991.29*4991.29*0*PT*0~REF*PO*0045065068~DTM*999*20080412~RMR*IV*694538785**1951.02*1951.02*0*PT*0~REF*PO*0045065353~DTM*999*20080413~RMR*IV*694538858**2521.96*2521.96*0*PT*0~REF*PO*0045065658~DTM*999*20080414~RMR*IV*695484081**1177.61*1177.61*0*PT*0~REF*PO*0054010281~DTM*999*20080412~RMR*IV*695484094**576.37*576.37*0*PT*0~REF*PO*0054010493~DTM*999*20080413~RMR*IV*695484177**401.03*401.03*0*PT*0~REF*PO*0054010719~DTM*999*20080414~RMR*IV*844060247**6226.73*6226.73*0*PT*0~REF*PO*0040086677~DTM*999*20080412~RMR*IV*844060262**3647.79*3647.79*0*PT*0~REF*PO*0040086930~DTM*999*20080413~RMR*IV*844060425**2116.54*2116.54*0*PT*0~REF*PO*0040087167~DTM*999*20080414~RMR*IV*854844458**4717.43*4717.43*0*PT*0~REF*PO*0048073132~DTM*999*20080412~RMR*IV*854844465**3953.7*3953.7*0*PT*0~REF*PO*0048073373~DTM*999*20080413~RMR*IV*854844574**2349.88*2349.88*0*PT*0~REF*PO*0048073633~DTM*999*20080414~RMR*IV*855002356**10073.42*10073.42*0*PT*0~REF*PO*0050027794~DTM*999*20080412~RMR*IV*855002373**6371.94*6371.94*0*PT*0~REF*PO*0050028018~DTM*999*20080413~RMR*IV*855002507**3003.71*3003.71*0*PT*0~REF*PO*0050028285~DTM*999*20080414~RMR*IV*855102652**11556.65*11556.65*0*PT*0~REF*PO*0051003922~DTM*999*20080412~RMR*IV*855102660**3705.26*3705.26*0*PT*0~REF*PO*0051004162~DTM*999*20080413~RMR*IV*855102718**2363.17*2363.17*0*PT*0~REF*PO*0051004392~DTM*999*20080414~RMR*IV*855275253**14613.4*14613.4*0*PT*0~REF*PO*0052091145~DTM*999*20080412~RMR*IV*855275271**5949.23*5949.23*0*PT*0~REF*PO*0052091386~DTM*999*20080413~RMR*IV*855275382**3431.11*3431.11*0*PT*0~REF*PO*0052091664~DTM*999*20080414~SE*2576*2985~GE*1*2985~IEA*00001*000002995~
ISA*00*          *00*          *14*0722717110100  *12*8048836527     *080428*1900*|*00406*000003460*0*P*>GS*CD*072271711*8048836527*20080428*1900*182*X*004060ST*812*000015902BCD*20080426*036044753*O*6960*D**0000000000******ST*3604N9*VR*000012569N9*RZ*CONSIGNMENT MERCHN9*DP*28N9*L1*25N9*ZZ*14N9*MB*0000000000FOB*CCSHD*0*0*CTN1*BT*BELL NURSERYN3*PO BOX: 70N4*BURTONSVILLE*MD*20866N1*SN*GREENSBORON3*4425 W WENDOVER AVEN4*GREENSBORO*NC*27407CDD*RM*D*****6*EA**UCP*3.95*ICL*23.7*HOSTA 2.75QTLIN**SK*319150*VP*319150CDD*RM*D*****2*EA**UCP*2.7*ICL*5.4*PERENNIAL 1.06QTLIN**SK*322253*VP*322253CDD*RM*D*****1*EA**UCP*15*ICL*15*TROPICAL PATIO 3G (11.35L) BNLIN**SK*549690*VP*549690CDD*RM*D*****2*EA**UCP*8.25*ICL*16.5*TROPICAL FOLIAGE PREM 6 BNLIN**SK*553208*VP*553208CDD*RM*D*****1*EA**UCP*9*ICL*9*SPECIAL PRICE 1- BELL NURSERYLIN**SK*604661*VP*604661SE*27*000015902ST*812*000015903BCD*20080427*036044754*O*7526*D**0000000000******ST*3604N9*VR*000012569N9*RZ*CONSIGNMENT MERCHN9*DP*28N9*L1*25N9*ZZ*14N9*MB*0000000000FOB*CCSHD*0*0*CTN1*BT*BELL NURSERYN3*PO BOX: 70N4*BURTONSVILLE*MD*20866N1*SN*GREENSBORON3*4425 W WENDOVER AVEN4*GREENSBORO*NC*27407CDD*RM*D*****1*EA**UCP*25.5*ICL*25.5*TROPICAL FOLIAGE 10 ULTRA PREM BNLIN**SK*553997*VP*553997CDD*RM*D*****1*EA**UCP*20*ICL*20*ORCHID PHALAENOPSIS 6IN BNLIN**SK*642380*VP*642380CDD*RM*D*****6*EA**UCP*2.1*ICL*12.6*AZALEA PROMO 1G BNLIN**SK*854405*VP*854405CDD*RM*D*****1*EA**UCP*17.16*ICL*17.16*PINE WHITE 3G BNLIN**SK*911854*VP*911854SE*25*000015903ST*812*000015904BCD*20080426*036055489*O*3604*D**0000000000******ST*3605N9*VR*000012569N9*RZ*CONSIGNMENT MERCHN9*DP*28N9*L1*25N9*ZZ*14N9*MB*0000000000FOB*CCSHD*0*0*CTN1*BT*BELL NURSERYN3*PO BOX: 70N4*BURTONSVILLE*MD*20866N1*SN*BATTLEGROUNDN3*3215 BRASFIELD ROADN4*GREENSBORO*NC*27410CDD*RM*D*****2*EA**UCP*3.75*ICL*7.5*PERENNIAL 2.75QTLIN**SK*321759*VP*321759CDD*RM*D*****4*EA**UCP*.85*ICL*3.4*ANNUAL BEDDING PLANT .96PT(.45L) BNLIN**SK*604402*VP*604402CDD*RM*D*****1*EA**UCP*7.4*ICL*7.4*ANNUAL FULL FLAT 3.38OZ(100ML)KWGLIN**SK*610643*VP*610643CDD*RM*D*****1*EA**UCP*14.74*ICL*14.74*MALUS DWARF APPLE 5G BNLIN**SK*905023*VP*905023CDD*RM*D*****1*EA**UCP*3*ICL*3*PROVEN WINNERS 4.5IN 1.31PT/619.8MLLIN**SK*957166*VP*957166SE*27*000015904ST*812*000015905BCD*20080427*036055492*O*22983*D**0000000000******ST*3605N9*VR*000012569N9*RZ*CONSIGNMENT MERCHN9*DP*28N9*L1*25N9*ZZ*14N9*MB*0000000000FOB*CCSHD*0*0*CTN1*BT*BELL NURSERYN3*PO BOX: 70N4*BURTONSVILLE*MD*20866N1*SN*BATTLEGROUNDN3*3215 BRASFIELD ROADN4*GREENSBORO*NC*27410CDD*RM*D*****4*EA**UCP*9.2*ICL*36.8*AZALEA LANDSCAPER 3G BNLIN**SK*293069*VP*293069CDD*RM*D*****6*EA**UCP*9.2*ICL*55.2*ILEX HELLERI HOLLY LANDSCAPER 3G BNLIN**SK*293231*VP*293231CDD*RM*D*****4*EA**UCP*3.55*ICL*14.2*PERENNIAL .63G (2.38L) BNLIN**SK*548007*VP*548007CDD*RM*D*****1*EA**UCP*17*ICL*17*MANDEVILLA TRELLIS 2.33G (8.83L)BNLIN**SK*549408*VP*549408CDD*RM*D*****1*EA**UCP*5.9*ICL*5.9*ANNUAL SPECIALTY 2.6QT(2.46L)BNLIN**SK*604493*VP*604493CDD*RM*D*****1*EA**UCP*18*ICL*18*ANNUAL COCO LINED HB 152OZ(4.5L)BNLIN**SK*604542*VP*604542CDD*RM*D*****2*EA**UCP*5.15*ICL*10.3*ANNUAL HALF FLAT 0.091QT(86.83ML)KWGLIN**SK*610170*VP*610170CDD*RM*D*****2*EA**UCP*19.95*ICL*39.9*ARBORVITAE EMERALD GREEN 5G BNLIN**SK*898587*VP*898587CDD*RM*D*****2*EA**UCP*4.85*ICL*9.7*AZALEA 1G BNLIN**SK*899643*VP*899643CDD*RM*D*****1*EA**UCP*14.83*ICL*14.83*JUMIPER ASST 3G BNLIN**SK*932379*VP*932379CDD*RM*D*****2*EA**UCP*4*ICL*8*FESCUE TALL TURF SOD 10 SQ FTLIN**SK*997327*VP*997327SE*39*000015905ST*812*000015906BCD*20080426*036103702*O*22555*D**0000000000******ST*3610N9*VR*000012569N9*RZ*CONSIGNMENT MERCHN9*DP*28N9*L1*25N9*ZZ*14N9*MB*0000000000FOB*CCSHD*0*0*CTN1*BT*BELL NURSERYN3*PO BOX: 70N4*BURTONSVILLE*MD*20866N1*SN*WINSTON-SALEMN3*1000 HANES MALL BLVDN4*WINSTON-SALEM*NC*27103CDD*RM*D*****1*EA**UCP*6.3*ICL*6.3*SALVIA MAY NIGHT 5.56LLIN**SK*282124*VP*282124CDD*RM*D*****1*EA**UCP*2.9*ICL*2.9*VIGORO SELECT CA QT ANNUALLIN**SK*452670*VP*452670CDD*RM*D*****6*EA**UCP*5.9*ICL*35.4* VIGORO SELECT GALLON ANNUALLIN**SK*456422*VP*456422CDD*RM*D*****9*EA**UCP*8.25*ICL*74.25*STRAW POT 6PKLIN**SK*470998*VP*470998CDD*RM*D*****1*EA**UCP*15*ICL*15*TROPICAL PATIO 3G (11.35L) BNLIN**SK*549690*VP*549690CDD*RM*D*****2*EA**UCP*8*ICL*16*FERN BOSTON 4.9QT(4.63L) BNLIN**SK*604327*VP*604327CDD*RM*D*****2*EA**UCP*15*ICL*30*ANNUAL PATIO COLOR 3.4G(12.9L) BNLIN**SK*604379*VP*604379CDD*RM*D*****6*EA**UCP*5.15*ICL*30.9*ANNUAL HALF FLAT 0.091QT(86.83ML)KWGLIN**SK*610170*VP*610170CDD*RM*D*****2*EA**UCP*7.4*ICL*14.8*ANNUAL FULL FLAT 3.38OZ(100ML)KWGLIN**SK*610643*VP*610643SE*35*000015906ST*812*000015907BCD*20080427*036103706*O*6674*D**0000000000******ST*3610N9*VR*000012569N9*RZ*CONSIGNMENT MERCHN9*DP*28N9*L1*25N9*ZZ*14N9*MB*0000000000FOB*CCSHD*0*0*CTN1*BT*BELL NURSERYN3*PO BOX: 70N4*BURTONSVILLE*MD*20866N1*SN*WINSTON-SALEMN3*1000 HANES MALL BLVDN4*WINSTON-SALEM*NC*27103CDD*RM*D*****3*EA**UCP*3.75*ICL*11.25*PERENNIAL 2.75QTLIN**SK*321759*VP*321759CDD*RM*D*****2*EA**UCP*8*ICL*16*FERN BOSTON 4.9QT(4.63L) BNLIN**SK*604327*VP*604327CDD*RM*D*****2*EA**UCP*.85*ICL*1.7*ANNUAL BEDDING PLANT .96PT(.45L) BNLIN**SK*604402*VP*604402CDD*RM*D*****1*EA**UCP*8.59*ICL*8.59*ANNUAL FLWG. PREM HB 4.9QT(4.63L) BNLIN**SK*604585*VP*604585CDD*RM*D*****2*EA**UCP*5.15*ICL*10.3*ANNUAL HALF FLAT 0.091QT(86.83ML)KWGLIN**SK*610170*VP*610170CDD*RM*D*****1*EA**UCP*11.1*ICL*11.1*VACCINIUM BLUEBERRY 2G BNLIN**SK*854900*VP*854900CDD*RM*D*****2*EA**UCP*3.9*ICL*7.8*JUNIPER ASST 1G BNLIN**SK*932214*VP*932214SE*31*000015907ST*812*000015908BCD*20080426*036151266*O*27522*D**0000000000******ST*3615N9*VR*000012569N9*RZ*CONSIGNMENT MERCHN9*DP*28N9*L1*25N9*ZZ*14N9*MB*0000000000FOB*CCSHD*0*0*CTN1*BT*BELL NURSERYN3*PO BOX: 70N4*BURTONSVILLE*MD*20866N1*SN*CARYN3*2031 WALNUT STREETN4*CARY*NC*27511CDD*RM*D*****15*EA**UCP*3.75*ICL*56.25*PERENNIAL 2.75QTLIN**SK*321759*VP*321759CDD*RM*D*****1*EA**UCP*2.7*ICL*2.7*PERENNIAL 1.06QTLIN**SK*322253*VP*322253CDD*RM*D*****2*EA**UCP*3.55*ICL*7.1*PERENNIAL .63G (2.38L) BNLIN**SK*548007*VP*548007CDD*RM*D*****1*EA**UCP*17*ICL*17*MANDEVILLA TRELLIS 2.33G (8.83L)BNLIN**SK*549408*VP*549408CDD*RM*D*****1*EA**UCP*10.25*ICL*10.25*TROPICAL FOLIAGE PROMO 10 BNLIN**SK*553457*VP*553457CDD*RM*D*****6*EA**UCP*14.87*ICL*89.22*AZALEA BLOOM N AGAIN 3G BNLIN**SK*900072*VP*900072CDD*RM*D*****3*EA**UCP*30.9*ICL*92.7*PRUNUS FLOWERING CHERRY ASST 7G BNLIN**SK*901162*VP*901162SE*31*000015908ST*812*000015909BCD*20080427*036151267*O*13884*D**0000000000******ST*3615N9*VR*000012569N9*RZ*CONSIGNMENT MERCHN9*DP*28N9*L1*25N9*ZZ*14N9*MB*0000000000FOB*CCSHD*0*0*CTN1*BT*BELL NURSERYN3*PO BOX: 70N4*BURTONSVILLE*MD*20866N1*SN*CARYN3*2031 WALNUT STREETN4*CARY*NC*27511CDD*RM*D*****1*EA**UCP*14.65*ICL*14.65*SHRUB ASST 3 BNLIN**SK*210833*VP*210833CDD*RM*D*****1*EA**UCP*12*ICL*12*ACER JAP MAPLE 1G BNLIN**SK*230914*VP*230914CDD*RM*D*****7*EA**UCP*3.95*ICL*27.65*HOSTA 2.75QTLIN**SK*319150*VP*319150CDD*RM*D*****18*EA**UCP*.85*ICL*15.3*ANNUAL BEDDING PLANT .96PT(.45L) BNLIN**SK*604402*VP*604402CDD*RM*D*****2*EA**UCP*2.72*ICL*5.44*GERANIUM ZONAL 1.52PT(.72L) BNLIN**SK*604457*VP*604457CDD*RM*D*****8*EA**UCP*2.35*ICL*18.8*ANNUAL 1.4QT (1.32L) BNLIN**SK*604529*VP*604529CDD*RM*D*****4*EA**UCP*10.5*ICL*42*HYDRANGEA HD EXCLUSIVE 8IN BNLIN**SK*931917*VP*931917CDD*RM*D*****1*EA**UCP*3*ICL*3*PROVEN WINNERS 4.5IN 1.31PT/619.8MLLIN**SK*957166*VP*957166SE*33*000015909ST*812*000015910BCD*20080426*036165510*O*12015*D**0000000000******ST*3616N9*VR*000012569N9*RZ*CONSIGNMENT MERCHN9*DP*28N9*L1*25N9*ZZ*14N9*MB*0000000000FOB*CCSHD*0*0*CTN1*BT*BELL NURSERYN3*PO BOX: 70N4*BURTONSVILLE*MD*20866N1*SN*RALEIGHN3*4901 CAPITAL BLVDN4*RALEIGH*NC*27616CDD*RM*D*****1*EA**UCP*12*ICL*12*ACER JAP MAPLE 1G BNLIN**SK*230914*VP*230914CDD*RM*D*****1*EA**UCP*5.6*ICL*5.6*PERENNIAL 3.70QTLIN**SK*315253*VP*315253CDD*RM*D*****1*EA**UCP*3.55*ICL*3.55*PERENNIAL .63G (2.38L) BNLIN**SK*548007*VP*548007CDD*RM*D*****3*EA**UCP*33*ICL*99*TROPICAL FOLIAGE 14 PROMO BNLIN**SK*554879*VP*554879SE*25*000015910ST*812*000015911BCD*20080427*036165512*O*11130*D**0000000000******ST*3616N9*VR*000012569N9*RZ*CONSIGNMENT MERCHN9*DP*28N9*L1*25N9*ZZ*14N9*MB*0000000000FOB*CCSHD*0*0*CTN1*BT*BELL NURSERYN3*PO BOX: 70N4*BURTONSVILLE*MD*20866N1*SN*RALEIGHN3*4901 CAPITAL BLVDN4*RALEIGH*NC*27616CDD*RM*D*****1*EA**UCP*9.2*ICL*9.2*AZALEA LANDSCAPER 3G BNLIN**SK*293069*VP*293069CDD*RM*D*****2*EA**UCP*5.75*ICL*11.5*ORNAMENTAL GRASS 3.70QTLIN**SK*315216*VP*315216CDD*RM*D*****1*EA**UCP*3.75*ICL*3.75*PERENNIAL 2.75QTLIN**SK*321759*VP*321759CDD*RM*D*****4*EA**UCP*2.7*ICL*10.8*PERENNIAL 1.06QTLIN**SK*322253*VP*322253CDD*RM*D*****1*EA**UCP*8*ICL*8*ANTHURIUM 6 BNLIN**SK*553307*VP*553307CDD*RM*D*****2*EA**UCP*12*ICL*24*TROPICAL FOLIAGE PREM 8 BNLIN**SK*553437*VP*553437CDD*RM*D*****4*EA**UCP*.85*ICL*3.4*ANNUAL BEDDING PLANT .96PT(.45L) BNLIN**SK*604402*VP*604402CDD*RM*D*****1*EA**UCP*2.35*ICL*2.35*ANNUAL 1.4QT (1.32L) BNLIN**SK*604529*VP*604529CDD*RM*D*****1*EA**UCP*18*ICL*18*ANNUAL COCO LINED HB 152OZ(4.5L)BNLIN**SK*604542*VP*604542CDD*RM*D*****2*EA**UCP*5*ICL*10*SPECIAL PRICE 2-BELL NURSERYLIN**SK*604662*VP*604662CDD*RM*D*****2*EA**UCP*5.15*ICL*10.3*ANNUAL HALF FLAT 0.091QT(86.83ML)KWGLIN**SK*610170*VP*610170SE*39*000015911ST*812*000015912BCD*20080426*036208220*O*23268*D**0000000000******ST*3620N9*VR*000012569N9*RZ*CONSIGNMENT MERCHN9*DP*28N9*L1*25N9*ZZ*14N9*MB*0000000000FOB*CCSHD*0*0*CTN1*BT*BELL NURSERYN3*PO BOX: 70N4*BURTONSVILLE*MD*20866N1*SN*DURHAMN3*3701 MT MORIAH ROADN4*DURHAM*NC*27707CDD*RM*D*****1*EA**UCP*59*ICL*59*SPECIMAN SHRUB 3 BNLIN**SK*211968*VP*211968CDD*RM*D*****2*EA**UCP*1.55*ICL*3.1*GROUNDCOVER 1.11PTLIN**SK*322574*VP*322574CDD*RM*D*****5*EA**UCP*2.1*ICL*10.5*PETUNIA WAVE 1 PINTLIN**SK*342318*VP*342318CDD*RM*D*****5*EA**UCP*5.9*ICL*29.5* VIGORO SELECT GALLON ANNUALLIN**SK*456422*VP*456422CDD*RM*D*****54*EA**UCP*.85*ICL*45.9*ANNUAL BEDDING PLANT .96PT(.45L) BNLIN**SK*604402*VP*604402CDD*RM*D*****2*EA**UCP*5.15*ICL*10.3*ANNUAL HALF FLAT 0.091QT(86.83ML)KWGLIN**SK*610170*VP*610170CDD*RM*D*****2*EA**UCP*5.15*ICL*10.3*ERICA HEATHER 1G BNLIN**SK*929541*VP*929541CDD*RM*D*****4*EA**UCP*16.02*ICL*64.08*ROSE KNOCKOUT 3G BNLIN**SK*943731*VP*943731SE*33*000015912ST*812*000015913BCD*20080427*036208224*O*20569*D**0000000000******ST*3620N9*VR*000012569N9*RZ*CONSIGNMENT MERCHN9*DP*28N9*L1*25N9*ZZ*14N9*MB*0000000000FOB*CCSHD*0*0*CTN1*BT*BELL NURSERYN3*PO BOX: 70N4*BURTONSVILLE*MD*20866N1*SN*DURHAMN3*3701 MT MORIAH ROADN4*DURHAM*NC*27707CDD*RM*D*****1*EA**UCP*3.75*ICL*3.75*PERENNIAL 2.75QTLIN**SK*321759*VP*321759CDD*RM*D*****2*EA**UCP*1.55*ICL*3.1*GROUNDCOVER 1.11PTLIN**SK*322574*VP*322574CDD*RM*D*****6*EA**UCP*2.9*ICL*17.4*VIGORO SELECT PINT ANNUALLIN**SK*448075*VP*448075CDD*RM*D*****1*EA**UCP*13.5*ICL*13.5*HIBISCUS BUSH PREM 2.33G (8.83L) BNLIN**SK*549189*VP*549189CDD*RM*D*****2*EA**UCP*2.85*ICL*5.7*GERBERA DAISY 1.39PT(.64L) BNLIN**SK*604366*VP*604366CDD*RM*D*****25*EA**UCP*.85*ICL*21.25*ANNUAL BEDDING PLANT .96PT(.45L) BNLIN**SK*604402*VP*604402CDD*RM*D*****8*EA**UCP*1.65*ICL*13.2*ANNUAL ACCENT PLANT .96PT(.45L) BNLIN**SK*604429*VP*604429CDD*RM*D*****1*EA**UCP*2.72*ICL*2.72*GERANIUM ZONAL 1.52PT(.72L) BNLIN**SK*604457*VP*604457CDD*RM*D*****5*EA**UCP*2.35*ICL*11.75*ANNUAL 1.4QT (1.32L) BNLIN**SK*604529*VP*604529CDD*RM*D*****2*EA**UCP*18*ICL*36*ANNUAL COCO LINED HB 152OZ(4.5L)BNLIN**SK*604542*VP*604542CDD*RM*D*****1*EA**UCP*5.15*ICL*5.15*ANNUAL HALF FLAT 0.091QT(86.83ML)KWGLIN**SK*610170*VP*610170CDD*RM*D*****2*EA**UCP*7.4*ICL*14.8*ANNUAL FULL FLAT 3.38OZ(100ML)KWGLIN**SK*610643*VP*610643CDD*RM*D*****1*EA**UCP*9.15*ICL*9.15*TROPICAL FOLIAGE 10IN ASSTLIN**SK*673872*VP*673872CDD*RM*D*****1*EA**UCP*7*ICL*7*GIFT PLANT AALIN**SK*785806*VP*785806CDD*RM*D*****2*EA**UCP*4.85*ICL*9.7*AZALEA 1G BNLIN**SK*899643*VP*899643CDD*RM*D*****1*EA**UCP*16.02*ICL*16.02*ROSE KNOCKOUT 3G BNLIN**SK*943731*VP*943731CDD*RM*D*****2*EA**UCP*7.75*ICL*15.5*CORDYLINE 2.75QTLIN**SK*974806*VP*974806SE*51*000015913ST*812*000015914BCD*20080426*036261240*O*16515*D**0000000000******ST*3626N9*VR*000012569N9*RZ*CONSIGNMENT MERCHN9*DP*28N9*L1*25N9*ZZ*14N9*MB*0000000000FOB*CCSHD*0*0*CTN1*BT*BELL NURSERYN3*PO BOX: 70N4*BURTONSVILLE*MD*20866N1*SN*FAYETTEVILLEN3*2060 SKIBON4*FAYETTEVILLE*NC*28314CDD*RM*D*****4*EA**UCP*14.65*ICL*58.6*SHRUB ASST 3 BNLIN**SK*210833*VP*210833CDD*RM*D*****3*EA**UCP*12*ICL*36*ACER JAP MAPLE 1G BNLIN**SK*230914*VP*230914CDD*RM*D*****1*EA**UCP*9.2*ICL*9.2*LIGUSTRUM RECURVE LANDSCAPER 3G BNLIN**SK*293317*VP*293317CDD*RM*D*****1*EA**UCP*3.75*ICL*3.75*PERENNIAL 2.75QTLIN**SK*321759*VP*321759CDD*RM*D*****1*EA**UCP*26.5*ICL*26.5*TROPICAL FOLIAGE 12 PREM BNLIN**SK*554809*VP*554809CDD*RM*D*****2*EA**UCP*.85*ICL*1.7*ANNUAL BEDDING PLANT .96PT(.45L) BNLIN**SK*604402*VP*604402CDD*RM*D*****1*EA**UCP*7.4*ICL*7.4*ANNUAL FULL FLAT 3.38OZ(100ML)KWGLIN**SK*610643*VP*610643CDD*RM*D*****1*EA**UCP*22*ICL*22*AZALEA ENCORE 3GLIN**SK*651883*VP*651883SE*33*000015914ST*812*000015915BCD*20080427*036261244*O*24432*D**0000000000******ST*3626N9*VR*000012569N9*RZ*CONSIGNMENT MERCHN9*DP*28N9*L1*25N9*ZZ*14N9*MB*0000000000FOB*CCSHD*0*0*CTN1*BT*BELL NURSERYN3*PO BOX: 70N4*BURTONSVILLE*MD*20866N1*SN*FAYETTEVILLEN3*2060 SKIBON4*FAYETTEVILLE*NC*28314CDD*RM*D*****10*EA**UCP*5.75*ICL*57.5*LILIUM ASIATIC 3.70QTLIN**SK*311002*VP*311002CDD*RM*D*****2*EA**UCP*13.5*ICL*27*ANNUAL FIBER HB 1.34G(5.1L) BNLIN**SK*604426*VP*604426CDD*RM*D*****1*EA**UCP*22*ICL*22*AZALEA ENCORE 3GLIN**SK*651883*VP*651883CDD*RM*D*****2*EA**UCP*22.41*ICL*44.82*BUXUS SUFFRUTICOSA BOXWOOD 5G  BNLIN**SK*855395*VP*855395CDD*RM*D*****12*EA**UCP*7.75*ICL*93*CORDYLINE 2.75QTLIN**SK*974806*VP*974806SE*27*000015915ST*812*000015916BCD*20080426*036278637*O*3160*D**0000000000******ST*3627N9*VR*000012569N9*RZ*CONSIGNMENT MERCHN9*DP*28N9*L1*25N9*ZZ*14N9*MB*0000000000FOB*CCSHD*0*0*CTN1*BT*BELL NURSERYN3*PO BOX: 70N4*BURTONSVILLE*MD*20866N1*SN*BURLINGTON,NCN3*2771-T KIRKWOOD DRIVEN4*BURLINGTON*NC*27216CDD*RM*D*****4*EA**UCP*5.9*ICL*23.6* VIGORO SELECT GALLON ANNUALLIN**SK*456422*VP*456422CDD*RM*D*****1*EA**UCP*8*ICL*8*FERN BOSTON 4.9QT(4.63L) BNLIN**SK*604327*VP*604327SE*21*000015916ST*812*000015917BCD*20080427*036278638*O*1190*D**0000000000******ST*3627N9*VR*000012569N9*RZ*CONSIGNMENT MERCHN9*DP*28N9*L1*25N9*ZZ*14N9*MB*0000000000FOB*CCSHD*0*0*CTN1*BT*BELL NURSERYN3*PO BOX: 70N4*BURTONSVILLE*MD*20866N1*SN*BURLINGTON,NCN3*2771-T KIRKWOOD DRIVEN4*BURLINGTON*NC*27216CDD*RM*D*****1*EA**UCP*11.9*ICL*11.9*FLOWERING TREE PROMO 5G BNLIN**SK*338323*VP*338323SE*19*000015917ST*812*000015918BCD*20080426*036318642*O*2931*D**0000000000******ST*3631N9*VR*000012569N9*RZ*CONSIGNMENT MERCHN9*DP*28N9*L1*25N9*ZZ*14N9*MB*0000000000FOB*CCSHD*0*0*CTN1*BT*BELL NURSERYN3*PO BOX: 70N4*BURTONSVILLE*MD*20866N1*SN*GARNERN3*2540 TIMBER DRN4*GARNER*NC*27529CDD*RM*D*****1*EA**UCP*21.31*ICL*21.31*GIFT READY - GROUP F BNLIN**SK*205545*VP*205545CDD*RM*D*****1*EA**UCP*8*ICL*8*FERN BOSTON 4.9QT(4.63L) BNLIN**SK*604327*VP*604327SE*21*000015918ST*812*000015919BCD*20080427*036318643*O*11105*D**0000000000******ST*3631N9*VR*000012569N9*RZ*CONSIGNMENT MERCHN9*DP*28N9*L1*25N9*ZZ*14N9*MB*0000000000FOB*CCSHD*0*0*CTN1*BT*BELL NURSERYN3*PO BOX: 70N4*BURTONSVILLE*MD*20866N1*SN*GARNERN3*2540 TIMBER DRN4*GARNER*NC*27529CDD*RM*D*****3*EA**UCP*5.6*ICL*16.8*PERENNIAL 3.70QTLIN**SK*315253*VP*315253CDD*RM*D*****3*EA**UCP*3.95*ICL*11.85*HOSTA 2.75QTLIN**SK*319150*VP*319150CDD*RM*D*****2*EA**UCP*25.5*ICL*51*TROPICAL FOLIAGE 10 ULTRA PREM BNLIN**SK*553997*VP*553997CDD*RM*D*****3*EA**UCP*8*ICL*24*FERN BOSTON 4.9QT(4.63L) BNLIN**SK*604327*VP*604327CDD*RM*D*****1*EA**UCP*7.4*ICL*7.4*ANNUAL FULL FLAT 3.38OZ(100ML)KWGLIN**SK*610643*VP*610643SE*27*000015919ST*812*000015920BCD*20080426*036320310*O*3397*D**0000000000******ST*3632N9*VR*000012569N9*RZ*CONSIGNMENT MERCHN9*DP*28N9*L1*25N9*ZZ*14N9*MB*0000000000FOB*CCSHD*0*0*CTN1*BT*BELL NURSERYN3*PO BOX: 70N4*BURTONSVILLE*MD*20866N1*SN*NORTH DURHAMN3*1700 N POINTE DRN4*DURHAM*NC*27705CDD*RM*D*****1*EA**UCP*5.6*ICL*5.6*CALADIUM 1.4QT(1.32L) BNLIN**SK*604358*VP*604358CDD*RM*D*****1*EA**UCP*13.5*ICL*13.5*ANNUAL FIBER HB 1.34G(5.1L) BNLIN**SK*604426*VP*604426CDD*RM*D*****1*EA**UCP*14.87*ICL*14.87*AZALEA BLOOM N AGAIN 3G BNLIN**SK*900072*VP*900072SE*23*000015920ST*812*000015921BCD*20080427*036320312*O*23197*D**0000000000******ST*3632N9*VR*000012569N9*RZ*CONSIGNMENT MERCHN9*DP*28N9*L1*25N9*ZZ*14N9*MB*0000000000FOB*CCSHD*0*0*CTN1*BT*BELL NURSERYN3*PO BOX: 70N4*BURTONSVILLE*MD*20866N1*SN*NORTH DURHAMN3*1700 N POINTE DRN4*DURHAM*NC*27705CDD*RM*D*****2*EA**UCP*18.25*ICL*36.5*SHRUB ASST 4 BNLIN**SK*210966*VP*210966CDD*RM*D*****2*EA**UCP*2.9*ICL*5.8*VIGORO SELECT CA QT ANNUALLIN**SK*452670*VP*452670CDD*RM*D*****1*EA**UCP*5.9*ICL*5.9* VIGORO SELECT GALLON ANNUALLIN**SK*456422*VP*456422CDD*RM*D*****2*EA**UCP*2.35*ICL*4.7*ANNUAL 1.4QT (1.32L) BNLIN**SK*604529*VP*604529CDD*RM*D*****2*EA**UCP*7.4*ICL*14.8*ANNUAL FULL FLAT 3.38OZ(100ML)KWGLIN**SK*610643*VP*610643CDD*RM*D*****1*EA**UCP*11.1*ICL*11.1*RUBUS BLACKBERRY 2G BNLIN**SK*854834*VP*854834CDD*RM*D*****2*EA**UCP*25.52*ICL*51.04*JASMINE REPEAT BLOOMER 5G BNLIN**SK*857903*VP*857903CDD*RM*D*****1*EA**UCP*22*ICL*22*CORNUS DOGWOOD PINK 5G BNLIN**SK*904363*VP*904363CDD*RM*D*****1*EA**UCP*14.83*ICL*14.83*JUMIPER ASST 3G BNLIN**SK*932379*VP*932379CDD*RM*D*****3*EA**UCP*11.1*ICL*33.3*RUBUS RASPBERRY 2G BNLIN**SK*991849*VP*991849CDD*RM*D*****8*EA**UCP*4*ICL*32*FESCUE TALL TURF SOD 10 SQ FTLIN**SK*997327*VP*997327SE*39*000015921ST*812*000015922BCD*20080426*036335934*O*8402*D**0000000000******ST*3633N9*VR*000012569N9*RZ*CONSIGNMENT MERCHN9*DP*28N9*L1*25N9*ZZ*14N9*MB*0000000000FOB*CCSHD*0*0*CTN1*BT*BELL NURSERYN3*PO BOX: 70N4*BURTONSVILLE*MD*20866N1*SN*HIGH POINTN3*2300 N MAINN4*HIGH POINT*NC*27265CDD*RM*D*****1*EA**UCP*68*ICL*68*PRUNUS FLOWERING CHERRY ASST 15G BNLIN**SK*901129*VP*901129CDD*RM*D*****1*EA**UCP*16.02*ICL*16.02*ROSE KNOCKOUT 3G BNLIN**SK*943731*VP*943731SE*21*000015922ST*812*000015923BCD*20080427*036335935*O*5810*D**0000000000******ST*3633N9*VR*000012569N9*RZ*CONSIGNMENT MERCHN9*DP*28N9*L1*25N9*ZZ*14N9*MB*0000000000FOB*CCSHD*0*0*CTN1*BT*BELL NURSERYN3*PO BOX: 70N4*BURTONSVILLE*MD*20866N1*SN*HIGH POINTN3*2300 N MAINN4*HIGH POINT*NC*27265CDD*RM*D*****9*EA**UCP*3.75*ICL*33.75*PERENNIAL 2.75QTLIN**SK*321759*VP*321759CDD*RM*D*****3*EA**UCP*2.9*ICL*8.7*VIGORO SELECT PINT ANNUALLIN**SK*448075*VP*448075CDD*RM*D*****11*EA**UCP*.85*ICL*9.35*ANNUAL BEDDING PLANT .96PT(.45L) BNLIN**SK*604402*VP*604402CDD*RM*D*****2*EA**UCP*3.15*ICL*6.3*ANNUAL EXOTIC 1.4QT (1.32L) BNLIN**SK*604483*VP*604483SE*25*000015923ST*812*000015924BCD*20080426*036349340*O*24835*D**0000000000******ST*3634N9*VR*000012569N9*RZ*CONSIGNMENT MERCHN9*DP*28N9*L1*25N9*ZZ*14N9*MB*0000000000FOB*CCSHD*0*0*CTN1*BT*BELL NURSERYN3*PO BOX: 70N4*BURTONSVILLE*MD*20866N1*SN*NW RALEIGHN3*9517 STRICKLAND RDN4*RALEIGH*NC*27615CDD*RM*D*****1*EA**UCP*22.3*ICL*22.3*MAGNOLIA SAUCER 5G BNLIN**SK*231009*VP*231009CDD*RM*D*****20*EA**UCP*3.75*ICL*75*PERENNIAL 2.75QTLIN**SK*321759*VP*321759CDD*RM*D*****1*EA**UCP*13.5*ICL*13.5*HIBISCUS BUSH PREM 2.33G (8.83L) BNLIN**SK*549189*VP*549189CDD*RM*D*****3*EA**UCP*17*ICL*51*MANDEVILLA TRELLIS 2.33G (8.83L)BNLIN**SK*549408*VP*549408CDD*RM*D*****7*EA**UCP*8*ICL*56*FERN BOSTON 4.9QT(4.63L) BNLIN**SK*604327*VP*604327CDD*RM*D*****2*EA**UCP*7.4*ICL*14.8*ANNUAL FULL FLAT 3.38OZ(100ML)KWGLIN**SK*610643*VP*610643CDD*RM*D*****1*EA**UCP*15.75*ICL*15.75*PRUNUS PEACH TREE DWARF 5G BNLIN**SK*905485*VP*905485SE*31*000015924ST*812*000015925BCD*20080427*036349342*O*14515*D**0000000000******ST*3634N9*VR*000012569N9*RZ*CONSIGNMENT MERCHN9*DP*28N9*L1*25N9*ZZ*14N9*MB*0000000000FOB*CCSHD*0*0*CTN1*BT*BELL NURSERYN3*PO BOX: 70N4*BURTONSVILLE*MD*20866N1*SN*NW RALEIGHN3*9517 STRICKLAND RDN4*RALEIGH*NC*27615CDD*RM*D*****1*EA**UCP*9*ICL*9*CLEMATIS W/ TRELLIS 2.75QTLIN**SK*310935*VP*310935CDD*RM*D*****5*EA**UCP*3.95*ICL*19.75*PHLOX CREEPING 2.75QTLIN**SK*320828*VP*320828CDD*RM*D*****1*EA**UCP*5.9*ICL*5.9* VIGORO SELECT GALLON ANNUALLIN**SK*456422*VP*456422CDD*RM*D*****1*EA**UCP*12*ICL*12*TROPICAL FOLIAGE PREM 8 BNLIN**SK*553437*VP*553437CDD*RM*D*****4*EA**UCP*5.6*ICL*22.4*CALADIUM 1.4QT(1.32L) BNLIN**SK*604358*VP*604358CDD*RM*D*****5*EA**UCP*.85*ICL*4.25*ANNUAL BEDDING PLANT .96PT(.45L) BNLIN**SK*604402*VP*604402CDD*RM*D*****4*EA**UCP*5.15*ICL*20.6*ANNUAL HALF FLAT 0.091QT(86.83ML)KWGLIN**SK*610170*VP*610170CDD*RM*D*****5*EA**UCP*7.4*ICL*37*ANNUAL FULL FLAT 3.38OZ(100ML)KWGLIN**SK*610643*VP*610643CDD*RM*D*****1*EA**UCP*8.25*ICL*8.25*HOSTA ASSORTED 2GLIN**SK*872420*VP*872420CDD*RM*D*****2*EA**UCP*3*ICL*6*PROVEN WINNERS 4.5IN 1.31PT/619.8MLLIN**SK*957166*VP*957166SE*37*000015925ST*812*000015926BCD*20080426*036415411*O*8029*D**0000000000******ST*3641N9*VR*000012569N9*RZ*CONSIGNMENT MERCHN9*DP*28N9*L1*25N9*ZZ*14N9*MB*0000000000FOB*CCSHD*0*0*CTN1*BT*BELL NURSERYN3*PO BOX: 70N4*BURTONSVILLE*MD*20866N1*SN*WINSTON SALEMN3*5721 UNIVERSITY PARKWAYN4*WINSTON SALEM*NC*27105CDD*RM*D*****5*EA**UCP*2.7*ICL*13.5*PERENNIAL 1.06QTLIN**SK*322253*VP*322253CDD*RM*D*****10*EA**UCP*1.55*ICL*15.5*GROUNDCOVER 1.11PTLIN**SK*322574*VP*322574CDD*RM*D*****36*EA**UCP*.85*ICL*30.6*ANNUAL BEDDING PLANT .96PT(.45L) BNLIN**SK*604402*VP*604402CDD*RM*D*****2*EA**UCP*2.35*ICL*4.7*ANNUAL 1.4QT (1.32L) BNLIN**SK*604529*VP*604529CDD*RM*D*****1*EA**UCP*8.59*ICL*8.59*ANNUAL FLWG. PREM HB 4.9QT(4.63L) BNLIN**SK*604585*VP*604585CDD*RM*D*****1*EA**UCP*7.4*ICL*7.4*ANNUAL FULL FLAT 3.38OZ(100ML)KWGLIN**SK*610643*VP*610643SE*29*000015926ST*812*000015927BCD*20080427*036415412*O*7276*D**0000000000******ST*3641N9*VR*000012569N9*RZ*CONSIGNMENT MERCHN9*DP*28N9*L1*25N9*ZZ*14N9*MB*0000000000FOB*CCSHD*0*0*CTN1*BT*BELL NURSERYN3*PO BOX: 70N4*BURTONSVILLE*MD*20866N1*SN*WINSTON SALEMN3*5721 UNIVERSITY PARKWAYN4*WINSTON SALEM*NC*27105CDD*RM*D*****10*EA**UCP*1.55*ICL*15.5*GROUNDCOVER 1.11PTLIN**SK*322574*VP*322574CDD*RM*D*****3*EA**UCP*8*ICL*24*FERN BOSTON 4.9QT(4.63L) BNLIN**SK*604327*VP*604327CDD*RM*D*****2*EA**UCP*4.85*ICL*9.7*AZALEA 1G BNLIN**SK*899643*VP*899643CDD*RM*D*****1*EA**UCP*7.56*ICL*7.56*PERENNIAL PREM ASST 8IN (4.1QT/3.9L)LIN**SK*991288*VP*991288CDD*RM*D*****4*EA**UCP*4*ICL*16*FESCUE TALL TURF SOD 10 SQ FTLIN**SK*997327*VP*997327SE*27*000015927ST*812*000015928BCD*20080426*036431085*O*790*D**0000000000******ST*3643N9*VR*000012569N9*RZ*CONSIGNMENT MERCHN9*DP*28N9*L1*25N9*ZZ*14N9*MB*0000000000FOB*CCSHD*0*0*CTN1*BT*BELL NURSERYN3*PO BOX: 70N4*BURTONSVILLE*MD*20866N1*SN*GREENVILLE,NCN3*717 THOMAS LANGSTON RDN4*WINTERVILLE*NC*28590CDD*RM*D*****2*EA**UCP*3.95*ICL*7.9*HOSTA 2.75QTLIN**SK*319150*VP*319150SE*19*000015928ST*812*000015929BCD*20080427*036431086*O*11124*D**0000000000******ST*3643N9*VR*000012569N9*RZ*CONSIGNMENT MERCHN9*DP*28N9*L1*25N9*ZZ*14N9*MB*0000000000FOB*CCSHD*0*0*CTN1*BT*BELL NURSERYN3*PO BOX: 70N4*BURTONSVILLE*MD*20866N1*SN*GREENVILLE,NCN3*717 THOMAS LANGSTON RDN4*WINTERVILLE*NC*28590CDD*RM*D*****3*EA**UCP*9.2*ICL*27.6*AZALEA LANDSCAPER 3G BNLIN**SK*293069*VP*293069CDD*RM*D*****2*EA**UCP*20.82*ICL*41.64*TROPICAL PATIO READY 12INLIN**SK*341482*VP*341482CDD*RM*D*****1*EA**UCP*15*ICL*15*TROPICAL PATIO 3G (11.35L) BNLIN**SK*549690*VP*549690CDD*RM*D*****2*EA**UCP*13.5*ICL*27*ANNUAL FIBER HB 1.34G(5.1L) BNLIN**SK*604426*VP*604426SE*25*000015929ST*812*000015930BCD*20080426*036449175*O*15364*D**0000000000******ST*3644N9*VR*000012569N9*RZ*CONSIGNMENT MERCHN9*DP*28N9*L1*25N9*ZZ*14N9*MB*0000000000FOB*CCSHD*0*0*CTN1*BT*BELL NURSERYN3*PO BOX: 70N4*BURTONSVILLE*MD*20866N1*SN*APEXN3*1000 VISION DRN4*APEX*NC*27502CDD*RM*D*****1*EA**UCP*2.45*ICL*2.45*ANGEL PLANT 3.8INLIN**SK*172815*VP*172815CDD*RM*D*****2*EA**UCP*9.2*ICL*18.4*ILEX COMPACTA HOLLY LANDSCAPER 3G BNLIN**SK*293103*VP*293103CDD*RM*D*****3*EA**UCP*5.75*ICL*17.25*LILIUM ASIATIC 3.70QTLIN**SK*311002*VP*311002CDD*RM*D*****1*EA**UCP*3.75*ICL*3.75*PERENNIAL 2.75QTLIN**SK*321759*VP*321759CDD*RM*D*****1*EA**UCP*2.7*ICL*2.7*PERENNIAL 1.06QTLIN**SK*322253*VP*322253CDD*RM*D*****1*EA**UCP*11.9*ICL*11.9*FLOWERING TREE PROMO 5G BNLIN**SK*338323*VP*338323CDD*RM*D*****1*EA**UCP*10.25*ICL*10.25*TROPICAL FOLIAGE PROMO 10 BNLIN**SK*553457*VP*553457CDD*RM*D*****7*EA**UCP*8*ICL*56*FERN BOSTON 4.9QT(4.63L) BNLIN**SK*604327*VP*604327CDD*RM*D*****2*EA**UCP*5.6*ICL*11.2*CALADIUM 1.4QT(1.32L) BNLIN**SK*604358*VP*604358CDD*RM*D*****2*EA**UCP*9.87*ICL*19.74*JUNIPER ASST 2G BNLIN**SK*932346*VP*932346SE*37*000015930ST*812*000015931BCD*20080427*036449178*O*20713*D**0000000000******ST*3644N9*VR*000012569N9*RZ*CONSIGNMENT MERCHN9*DP*28N9*L1*25N9*ZZ*14N9*MB*0000000000FOB*CCSHD*0*0*CTN1*BT*BELL NURSERYN3*PO BOX: 70N4*BURTONSVILLE*MD*20866N1*SN*APEXN3*1000 VISION DRN4*APEX*NC*27502CDD*RM*D*****10*EA**UCP*2.7*ICL*27*PERENNIAL 1.06QTLIN**SK*322253*VP*322253CDD*RM*D*****1*EA**UCP*2.9*ICL*2.9*VIGORO SELECT CA QT ANNUALLIN**SK*452670*VP*452670CDD*RM*D*****2*EA**UCP*10.25*ICL*20.5*TROPICAL FOLIAGE PROMO 10 BNLIN**SK*553457*VP*553457CDD*RM*D*****3*EA**UCP*8*ICL*24*FERN BOSTON 4.9QT(4.63L) BNLIN**SK*604327*VP*604327CDD*RM*D*****2*EA**UCP*5.15*ICL*10.3*ANNUAL HALF FLAT 0.091QT(86.83ML)KWGLIN**SK*610170*VP*610170CDD*RM*D*****1*EA**UCP*4.35*ICL*4.35*FLORAL INDOOR 4.5IN ASST BNLIN**SK*651895*VP*651895CDD*RM*D*****2*EA**UCP*42.75*ICL*85.5*FRUIT TREES ASST PREM 10G BNLIN**SK*898093*VP*898093CDD*RM*D*****1*EA**UCP*19.73*ICL*19.73*CEDRUS DEODORA CEDAR 3G BNLIN**SK*900766*VP*900766CDD*RM*D*****1*EA**UCP*4.85*ICL*4.85*ILEX HOLLY ASST 1G BNLIN**SK*930564*VP*930564CDD*RM*D*****1*EA**UCP*8*ICL*8*VIVA! PERENNIALS 3.70QTLIN**SK*992112*VP*992112SE*37*000015931ST*812*000015932BCD*20080426*036471004*O*3819*D**0000000000******ST*3647N9*VR*000012569N9*RZ*CONSIGNMENT MERCHN9*DP*28N9*L1*25N9*ZZ*14N9*MB*0000000000FOB*CCSHD*0*0*CTN1*BT*BELL NURSERYN3*PO BOX: 70N4*BURTONSVILLE*MD*20866N1*SN*WAKE FORESTN3*11915 RETAIL DRIVEN4*WAKE FOREST*NC*27587CDD*RM*D*****8*EA**UCP*2.7*ICL*21.6*GROUNDCOVER 1.06QTLIN**SK*322257*VP*322257CDD*RM*D*****1*EA**UCP*8*ICL*8*FERN BOSTON 4.9QT(4.63L) BNLIN**SK*604327*VP*604327CDD*RM*D*****1*EA**UCP*8.59*ICL*8.59*ANNUAL FLWG. PREM HB 4.9QT(4.63L) BNLIN**SK*604585*VP*604585SE*23*000015932ST*812*000015933BCD*20080427*036471008*O*22825*D**0000000000******ST*3647N9*VR*000012569N9*RZ*CONSIGNMENT MERCHN9*DP*28N9*L1*25N9*ZZ*14N9*MB*0000000000FOB*CCSHD*0*0*CTN1*BT*BELL NURSERYN3*PO BOX: 70N4*BURTONSVILLE*MD*20866N1*SN*WAKE FORESTN3*11915 RETAIL DRIVEN4*WAKE FOREST*NC*27587CDD*RM*D*****11*EA**UCP*3.75*ICL*41.25*PERENNIAL 2.75QTLIN**SK*321759*VP*321759CDD*RM*D*****1*EA**UCP*2.9*ICL*2.9*VIGORO SELECT CA QT ANNUALLIN**SK*452670*VP*452670CDD*RM*D*****1*EA**UCP*17*ICL*17*MANDEVILLA TRELLIS 2.33G (8.83L)BNLIN**SK*549408*VP*549408CDD*RM*D*****3*EA**UCP*18.5*ICL*55.5*TROPICAL FOLIAGE PREM 10 BNLIN**SK*553769*VP*553769CDD*RM*D*****2*EA**UCP*3.95*ICL*7.9*LIRIOPE .63G(2.38L) BNLIN**SK*604550*VP*604550CDD*RM*D*****1*EA**UCP*5.15*ICL*5.15*ANNUAL HALF FLAT 0.091QT(86.83ML)KWGLIN**SK*610170*VP*610170CDD*RM*D*****6*EA**UCP*4.85*ICL*29.1*ILEX HOLLY ASST 1G BNLIN**SK*930564*VP*930564CDD*RM*D*****3*EA**UCP*15.15*ICL*45.45*ILEX HOLLY ASST 3G BNLIN**SK*930729*VP*930729CDD*RM*D*****6*EA**UCP*4*ICL*24*FESCUE TALL TURF SOD 10 SQ FTLIN**SK*997327*VP*997327SE*35*000015933ST*812*000015934BCD*20080426*036503917*O*9415*D**0000000000******ST*3650N9*VR*000012569N9*RZ*CONSIGNMENT MERCHN9*DP*28N9*L1*25N9*ZZ*14N9*MB*0000000000FOB*CCSHD*0*0*CTN1*BT*BELL NURSERYN3*PO BOX: 70N4*BURTONSVILLE*MD*20866N1*SN*KITTY HAWKN3*5300 N CROATAN HWYN4*KITTY HAWK*NC*27949CDD*RM*D*****1*EA**UCP*2.7*ICL*2.7*PERENNIAL 1.06QTLIN**SK*322253*VP*322253CDD*RM*D*****10*EA**UCP*1.55*ICL*15.5*GROUNDCOVER 1.11PTLIN**SK*322574*VP*322574CDD*RM*D*****12*EA**UCP*5.9*ICL*70.8* VIGORO SELECT GALLON ANNUALLIN**SK*456422*VP*456422CDD*RM*D*****1*EA**UCP*5.15*ICL*5.15*ANNUAL HALF FLAT 0.091QT(86.83ML)KWGLIN**SK*610170*VP*610170SE*25*000015934ST*812*000015935BCD*20080427*036503921*O*1776*D**0000000000******ST*3650N9*VR*000012569N9*RZ*CONSIGNMENT MERCHN9*DP*28N9*L1*25N9*ZZ*14N9*MB*0000000000FOB*CCSHD*0*0*CTN1*BT*BELL NURSERYN3*PO BOX: 70N4*BURTONSVILLE*MD*20866N1*SN*KITTY HAWKN3*5300 N CROATAN HWYN4*KITTY HAWK*NC*27949CDD*RM*D*****12*EA**UCP*.85*ICL*10.2*ANNUAL BEDDING PLANT .96PT(.45L) BNLIN**SK*604402*VP*604402CDD*RM*D*****1*EA**UCP*7.56*ICL*7.56*PERENNIAL PREM ASST 8IN (4.1QT/3.9L)LIN**SK*991288*VP*991288SE*21*000015935ST*812*000015936BCD*20080426*036516942*O*2075*D**0000000000******ST*3651N9*VR*000012569N9*RZ*CONSIGNMENT MERCHN9*DP*28N9*L1*25N9*ZZ*14N9*MB*0000000000FOB*CCSHD*0*0*CTN1*BT*BELL NURSERYN3*PO BOX: 70N4*BURTONSVILLE*MD*20866N1*SN*E GREENSBORON3*2912 S ELM EUGENE STN4*GREENSBORO*NC*27406CDD*RM*D*****1*EA**UCP*3.75*ICL*3.75*GROUNDCOVER 2.75QTLIN**SK*321862*VP*321862CDD*RM*D*****1*EA**UCP*17*ICL*17*MANDEVILLA TRELLIS 2.33G (8.83L)BNLIN**SK*549408*VP*549408SE*21*000015936ST*812*000015937BCD*20080427*036516944*O*6676*D**0000000000******ST*3651N9*VR*000012569N9*RZ*CONSIGNMENT MERCHN9*DP*28N9*L1*25N9*ZZ*14N9*MB*0000000000FOB*CCSHD*0*0*CTN1*BT*BELL NURSERYN3*PO BOX: 70N4*BURTONSVILLE*MD*20866N1*SN*E GREENSBORON3*2912 S ELM EUGENE STN4*GREENSBORO*NC*27406CDD*RM*D*****8*EA**UCP*2.72*ICL*21.76*GERANIUM ZONAL 1.52PT(.72L) BNLIN**SK*604457*VP*604457CDD*RM*D*****3*EA**UCP*15*ICL*45*CUPRESSOCYPARIS LEYLAND 5G BNLIN**SK*928452*VP*928452SE*21*000015937ST*812*000015938BCD*20080426*036527642*O*18975*D**0000000000******ST*3652N9*VR*000012569N9*RZ*CONSIGNMENT MERCHN9*DP*28N9*L1*25N9*ZZ*14N9*MB*0000000000FOB*CCSHD*0*0*CTN1*BT*BELL NURSERYN3*PO BOX: 70N4*BURTONSVILLE*MD*20866N1*SN*FUQUAY VARINAN3*901 E BROAD STREETN4*FUQUAY VARINA*NC*27526CDD*RM*D*****1*EA**UCP*12*ICL*12*ACER JAP MAPLE 1G BNLIN**SK*230914*VP*230914CDD*RM*D*****5*EA**UCP*16*ICL*80*PERENNIAL PLANTER 3.35GLIN**SK*307385*VP*307385CDD*RM*D*****1*EA**UCP*5.6*ICL*5.6*PERENNIAL 3.70QTLIN**SK*315253*VP*315253CDD*RM*D*****1*EA**UCP*15*ICL*15*TROPICAL PATIO 3G (11.35L) BNLIN**SK*549690*VP*549690CDD*RM*D*****1*EA**UCP*18.5*ICL*18.5*TROPICAL FOLIAGE PREM 10 BNLIN**SK*553769*VP*553769CDD*RM*D*****2*EA**UCP*8*ICL*16*FERN BOSTON 4.9QT(4.63L) BNLIN**SK*604327*VP*604327CDD*RM*D*****3*EA**UCP*12.5*ICL*37.5*LILY ASI-FLORUM 10INLIN**SK*872651*VP*872651CDD*RM*D*****1*EA**UCP*5.15*ICL*5.15*ERICA HEATHER 1G BNLIN**SK*929541*VP*929541SE*33*000015938ST*812*000015939BCD*20080427*036527645*O*28480*D**0000000000******ST*3652N9*VR*000012569N9*RZ*CONSIGNMENT MERCHN9*DP*28N9*L1*25N9*ZZ*14N9*MB*0000000000FOB*CCSHD*0*0*CTN1*BT*BELL NURSERYN3*PO BOX: 70N4*BURTONSVILLE*MD*20866N1*SN*FUQUAY VARINAN3*901 E BROAD STREETN4*FUQUAY VARINA*NC*27526CDD*RM*D*****1*EA**UCP*36.5*ICL*36.5*SPECIMAN SHRUB 1 BNLIN**SK*211887*VP*211887CDD*RM*D*****1*EA**UCP*59*ICL*59*SPECIMAN SHRUB 3 BNLIN**SK*211968*VP*211968CDD*RM*D*****5*EA**UCP*3.75*ICL*18.75*PERENNIAL 2.75QTLIN**SK*321759*VP*321759CDD*RM*D*****1*EA**UCP*8.25*ICL*8.25*STRAW POT 6PKLIN**SK*470998*VP*470998CDD*RM*D*****2*EA**UCP*3.55*ICL*7.1*PERENNIAL .63G (2.38L) BNLIN**SK*548007*VP*548007CDD*RM*D*****2*EA**UCP*13.5*ICL*27*HIBISCUS BUSH PREM 2.33G (8.83L) BNLIN**SK*549189*VP*549189CDD*RM*D*****3*EA**UCP*8*ICL*24*FERN BOSTON 4.9QT(4.63L) BNLIN**SK*604327*VP*604327CDD*RM*D*****1*EA**UCP*2.85*ICL*2.85*GERBERA DAISY 1.39PT(.64L) BNLIN**SK*604366*VP*604366CDD*RM*D*****19*EA**UCP*.85*ICL*16.15*ANNUAL BEDDING PLANT .96PT(.45L) BNLIN**SK*604402*VP*604402CDD*RM*D*****7*EA**UCP*2.35*ICL*16.45*ANNUAL 1.4QT (1.32L) BNLIN**SK*604529*VP*604529CDD*RM*D*****2*EA**UCP*18*ICL*36*ANNUAL COCO LINED HB 152OZ(4.5L)BNLIN**SK*604542*VP*604542CDD*RM*D*****3*EA**UCP*4.25*ICL*12.75*GERANIUM ZONAL 1.4QT(1.32L) BNLIN**SK*604636*VP*604636CDD*RM*D*****5*EA**UCP*4*ICL*20*FESCUE TALL TURF SOD 10 SQ FTLIN**SK*997327*VP*997327SE*43*000015939ST*812*000015940BCD*20080427*036540178*O*9840*D**0000000000******ST*3654N9*VR*000012569N9*RZ*CONSIGNMENT MERCHN9*DP*28N9*L1*25N9*ZZ*14N9*MB*0000000000FOB*CCSHD*0*0*CTN1*BT*BELL NURSERYN3*PO BOX: 70N4*BURTONSVILLE*MD*20866N1*SN*ROCKY MOUNTN3*950 HOME DEPOT PLAZAN4*ROCKY MOUNT*NC*27804CDD*RM*D*****1*EA**UCP*15*ICL*15*ANNUAL PATIO COLOR 3.4G(12.9L) BNLIN**SK*604379*VP*604379CDD*RM*D*****4*EA**UCP*20.85*ICL*83.4*EUONYMUS GOLD 5G BNLIN**SK*929805*VP*929805SE*21*000015940ST*812*000015941BCD*20080426*036615852*O*4270*D**0000000000******ST*3661N9*VR*000012569N9*RZ*CONSIGNMENT MERCHN9*DP*28N9*L1*25N9*ZZ*14N9*MB*0000000000FOB*CCSHD*0*0*CTN1*BT*BELL NURSERYN3*PO BOX: 70N4*BURTONSVILLE*MD*20866N1*SN*HILLSBOROUGH,NCN3*625 HAMPTON POINT BLVDN4*HILLSBOROUGH*NC*27278CDD*RM*D*****1*EA**UCP*9.2*ICL*9.2*CUPRESSOCYPARIS LEYLAND LANDSC 3G BNLIN**SK*293344*VP*293344CDD*RM*D*****1*EA**UCP*2.9*ICL*2.9*VIGORO SELECT PINT ANNUALLIN**SK*448075*VP*448075CDD*RM*D*****36*EA**UCP*.85*ICL*30.6*ANNUAL BEDDING PLANT .96PT(.45L) BNLIN**SK*604402*VP*604402SE*23*000015941ST*812*000015942BCD*20080427*036615853*O*6870*D**0000000000******ST*3661N9*VR*000012569N9*RZ*CONSIGNMENT MERCHN9*DP*28N9*L1*25N9*ZZ*14N9*MB*0000000000FOB*CCSHD*0*0*CTN1*BT*BELL NURSERYN3*PO BOX: 70N4*BURTONSVILLE*MD*20866N1*SN*HILLSBOROUGH,NCN3*625 HAMPTON POINT BLVDN4*HILLSBOROUGH*NC*27278CDD*RM*D*****1*EA**UCP*15*ICL*15*TROPICAL PATIO 3G (11.35L) BNLIN**SK*549690*VP*549690CDD*RM*D*****2*EA**UCP*8.25*ICL*16.5*TROPICAL FOLIAGE PREM 6 BNLIN**SK*553208*VP*553208CDD*RM*D*****4*EA**UCP*.85*ICL*3.4*ANNUAL BEDDING PLANT .96PT(.45L) BNLIN**SK*604402*VP*604402CDD*RM*D*****2*EA**UCP*16.9*ICL*33.8*PROVEN WINNER SHRUB 3G BNLIN**SK*707782*VP*707782SE*25*000015942ST*812*000015943BCD*20080426*036635783*O*3880*D**0000000000******ST*3663N9*VR*000012569N9*RZ*CONSIGNMENT MERCHN9*DP*28N9*L1*25N9*ZZ*14N9*MB*0000000000FOB*CCSHD*0*0*CTN1*BT*BELL NURSERYN3*PO BOX: 70N4*BURTONSVILLE*MD*20866N1*SN*KNIGHTDALEN3*1020 SHOPPS AT MIDWAYN4*KNIGHTDALE*NC*27545CDD*RM*D*****3*EA**UCP*8*ICL*24*FERN BOSTON 4.9QT(4.63L) BNLIN**SK*604327*VP*604327CDD*RM*D*****2*EA**UCP*7.4*ICL*14.8*ANNUAL FULL FLAT 3.38OZ(100ML)KWGLIN**SK*610643*VP*610643SE*21*000015943ST*812*000015944BCD*20080427*036635785*O*10476*D**0000000000******ST*3663N9*VR*000012569N9*RZ*CONSIGNMENT MERCHN9*DP*28N9*L1*25N9*ZZ*14N9*MB*0000000000FOB*CCSHD*0*0*CTN1*BT*BELL NURSERYN3*PO BOX: 70N4*BURTONSVILLE*MD*20866N1*SN*KNIGHTDALEN3*1020 SHOPPS AT MIDWAYN4*KNIGHTDALE*NC*27545CDD*RM*D*****1*EA**UCP*15*ICL*15*ANNUAL PATIO COLOR 3.4G(12.9L) BNLIN**SK*604379*VP*604379CDD*RM*D*****4*EA**UCP*.85*ICL*3.4*ANNUAL BEDDING PLANT .96PT(.45L) BNLIN**SK*604402*VP*604402CDD*RM*D*****10*EA**UCP*5.1*ICL*51*OSTEOSPERMUM DAISY 1.4QT(1.32L) BNLIN**SK*604596*VP*604596CDD*RM*D*****1*EA**UCP*5.15*ICL*5.15*ANNUAL HALF FLAT 0.091QT(86.83ML)KWGLIN**SK*610170*VP*610170CDD*RM*D*****1*EA**UCP*30.21*ICL*30.21*SALIX WEEPING WILLOW 7G BNLIN**SK*913999*VP*913999SE*27*000015944ST*812*000016060BCD*20080426*046090707*O*2730*D**0000000000******ST*4609N9*VR*000012569N9*RZ*CONSIGNMENT MERCHN9*DP*28N9*L1*25N9*ZZ*14N9*MB*0000000000FOB*CCSHD*0*0*CTN1*BT*BELL NURSERYN3*PO BOX: 70N4*BURTONSVILLE*MD*20866N1*SN*ROANOKEN3*3217 HERSHBERGER RD NWN4*ROANOKE*VA*24017CDD*RM*D*****2*EA**UCP*3.95*ICL*7.9*RUBRUM PURPLE FTN GRASS PREM 2.75QTLIN**SK*321364*VP*321364CDD*RM*D*****3*EA**UCP*3.75*ICL*11.25*PERENNIAL 2.75QTLIN**SK*321759*VP*321759CDD*RM*D*****1*EA**UCP*5.15*ICL*5.15*ANNUAL HALF FLAT 0.091QT(86.83ML)KWGLIN**SK*610170*VP*610170CDD*RM*D*****1*EA**UCP*3*ICL*3*PROVEN WINNERS 4.5IN 1.31PT/619.8MLLIN**SK*957166*VP*957166SE*25*000016060ST*812*000016061BCD*20080427*046090708*O*5520*D**0000000000******ST*4609N9*VR*000012569N9*RZ*CONSIGNMENT MERCHN9*DP*28N9*L1*25N9*ZZ*14N9*MB*0000000000FOB*CCSHD*0*0*CTN1*BT*BELL NURSERYN3*PO BOX: 70N4*BURTONSVILLE*MD*20866N1*SN*ROANOKEN3*3217 HERSHBERGER RD NWN4*ROANOKE*VA*24017CDD*RM*D*****6*EA**UCP*9.2*ICL*55.2*LIGUSTRUM RECURVE LANDSCAPER 3G BNLIN**SK*293317*VP*293317SE*19*000016061ST*812*000016062BCD*20080426*046111838*O*10780*D**0000000000******ST*4611N9*VR*000012569N9*RZ*CONSIGNMENT MERCHN9*DP*28N9*L1*25N9*ZZ*14N9*MB*0000000000FOB*CCSHD*0*0*CTN1*BT*BELL NURSERYN3*PO BOX: 70N4*BURTONSVILLE*MD*20866N1*SN*RICHMOND/W BROADN3*11260 W BROAD STN4*GLEN ALLEN*VA*23060CDD*RM*D*****2*EA**UCP*9.2*ICL*18.4*ILEX COMPACTA HOLLY LANDSCAPER 3G BNLIN**SK*293103*VP*293103CDD*RM*D*****2*EA**UCP*9.2*ICL*18.4*CUPRESSOCYPARIS LEYLAND LANDSC 3G BNLIN**SK*293344*VP*293344CDD*RM*D*****1*EA**UCP*7*ICL*7*PERENNIAL 1.66G (6.28L) BNLIN**SK*548361*VP*548361CDD*RM*D*****1*EA**UCP*8*ICL*8*FERN BOSTON 4.9QT(4.63L) BNLIN**SK*604327*VP*604327CDD*RM*D*****2*EA**UCP*15*ICL*30*ANNUAL PATIO COLOR 3.4G(12.9L) BNLIN**SK*604379*VP*604379CDD*RM*D*****1*EA**UCP*18*ICL*18*ANNUAL COCO LINED HB 152OZ(4.5L)BNLIN**SK*604542*VP*604542CDD*RM*D*****2*EA**UCP*4*ICL*8*FESCUE TALL TURF SOD 10 SQ FTLIN**SK*997327*VP*997327SE*31*000016062ST*812*000016063BCD*20080427*046111840*O*10070*D**0000000000******ST*4611N9*VR*000012569N9*RZ*CONSIGNMENT MERCHN9*DP*28N9*L1*25N9*ZZ*14N9*MB*0000000000FOB*CCSHD*0*0*CTN1*BT*BELL NURSERYN3*PO BOX: 70N4*BURTONSVILLE*MD*20866N1*SN*RICHMOND/W BROADN3*11260 W BROAD STN4*GLEN ALLEN*VA*23060CDD*RM*D*****1*EA**UCP*14.65*ICL*14.65*SHRUB ASST 3 BNLIN**SK*210833*VP*210833CDD*RM*D*****1*EA**UCP*12*ICL*12*ACER JAP MAPLE 1G BNLIN**SK*230914*VP*230914CDD*RM*D*****1*EA**UCP*22.3*ICL*22.3*MAGNOLIA SAUCER 5G BNLIN**SK*231009*VP*231009CDD*RM*D*****5*EA**UCP*4.2*ICL*21*SODMAN FESCUE ROLLLIN**SK*238197*VP*238197CDD*RM*D*****1*EA**UCP*3.75*ICL*3.75*PERENNIAL 2.75QTLIN**SK*321759*VP*321759CDD*RM*D*****4*EA**UCP*2.9*ICL*11.6*VIGORO SELECT PINT ANNUALLIN**SK*448075*VP*448075CDD*RM*D*****1*EA**UCP*8*ICL*8*FERN BOSTON 4.9QT(4.63L) BNLIN**SK*604327*VP*604327CDD*RM*D*****1*EA**UCP*7.4*ICL*7.4*ANNUAL FULL FLAT 3.38OZ(100ML)KWGLIN**SK*610643*VP*610643SE*33*000016063ST*812*000016064BCD*20080426*046129177*O*13777*D**0000000000******ST*4612N9*VR*000012569N9*RZ*CONSIGNMENT MERCHN9*DP*28N9*L1*25N9*ZZ*14N9*MB*0000000000FOB*CCSHD*0*0*CTN1*BT*BELL NURSERYN3*PO BOX: 70N4*BURTONSVILLE*MD*20866N1*SN*HAMPTONN3*1413 ARMISTEAD AVEN4*HAMPTON*VA*23666CDD*RM*D*****1*EA**UCP*5.75*ICL*5.75*ORNAMENTAL GRASS 3.70QTLIN**SK*315216*VP*315216CDD*RM*D*****20*EA**UCP*2.9*ICL*58*VIGORO SELECT PINT ANNUALLIN**SK*448075*VP*448075CDD*RM*D*****8*EA**UCP*8*ICL*64*FERN BOSTON 4.9QT(4.63L) BNLIN**SK*604327*VP*604327CDD*RM*D*****2*EA**UCP*2.35*ICL*4.7*ANNUAL 1.4QT (1.32L) BNLIN**SK*604529*VP*604529CDD*RM*D*****1*EA**UCP*5.32*ICL*5.32*NANDINA FIREPOWER 1G BNLIN**SK*858860*VP*858860SE*27*000016064ST*812*000016065BCD*20080427*046129181*O*9237*D**0000000000******ST*4612N9*VR*000012569N9*RZ*CONSIGNMENT MERCHN9*DP*28N9*L1*25N9*ZZ*14N9*MB*0000000000FOB*CCSHD*0*0*CTN1*BT*BELL NURSERYN3*PO BOX: 70N4*BURTONSVILLE*MD*20866N1*SN*HAMPTONN3*1413 ARMISTEAD AVEN4*HAMPTON*VA*23666CDD*RM*D*****1*EA**UCP*3.95*ICL*3.95*HOSTA 2.75QTLIN**SK*319150*VP*319150CDD*RM*D*****1*EA**UCP*3.75*ICL*3.75*PERENNIAL 2.75QTLIN**SK*321759*VP*321759CDD*RM*D*****2*EA**UCP*2.9*ICL*5.8*VIGORO SELECT PINT ANNUALLIN**SK*448075*VP*448075CDD*RM*D*****4*EA**UCP*3.55*ICL*14.2*PERENNIAL .63G (2.38L) BNLIN**SK*548007*VP*548007CDD*RM*D*****1*EA**UCP*10.25*ICL*10.25*TROPICAL FOLIAGE PROMO 10 BNLIN**SK*553457*VP*553457CDD*RM*D*****2*EA**UCP*7.4*ICL*14.8*ANNUAL FULL FLAT 3.38OZ(100ML)KWGLIN**SK*610643*VP*610643CDD*RM*D*****4*EA**UCP*5.15*ICL*20.6*EUONYMUS ASST 1G BNLIN**SK*929673*VP*929673CDD*RM*D*****1*EA**UCP*16.02*ICL*16.02*ROSE KNOCKOUT 3G BNLIN**SK*943731*VP*943731CDD*RM*D*****1*EA**UCP*3*ICL*3*PROVEN WINNERS 4.5IN 1.31PT/619.8MLLIN**SK*957166*VP*957166SE*35*000016065ST*812*000016066BCD*20080426*046139797*O*8660*D**0000000000******ST*4613N9*VR*000012569N9*RZ*CONSIGNMENT MERCHN9*DP*28N9*L1*25N9*ZZ*14N9*MB*0000000000FOB*CCSHD*0*0*CTN1*BT*BELL NURSERYN3*PO BOX: 70N4*BURTONSVILLE*MD*20866N1*SN*NEWPORT NEWSN3*325 CHATHAM ROADN4*NEWPORT NEWS*VA*23602CDD*RM*D*****3*EA**UCP*3.75*ICL*11.25*PERENNIAL 2.75QTLIN**SK*321759*VP*321759CDD*RM*D*****2*EA**UCP*3.55*ICL*7.1*PERENNIAL .63G (2.38L) BNLIN**SK*548007*VP*548007CDD*RM*D*****7*EA**UCP*8*ICL*56*FERN BOSTON 4.9QT(4.63L) BNLIN**SK*604327*VP*604327CDD*RM*D*****1*EA**UCP*7.4*ICL*7.4*ANNUAL FULL FLAT 3.38OZ(100ML)KWGLIN**SK*610643*VP*610643CDD*RM*D*****1*EA**UCP*4.85*ICL*4.85*ILEX HOLLY ASST 1G BNLIN**SK*930564*VP*930564SE*27*000016066ST*812*000016067BCD*20080427*046139798*O*10715*D**0000000000******ST*4613N9*VR*000012569N9*RZ*CONSIGNMENT MERCHN9*DP*28N9*L1*25N9*ZZ*14N9*MB*0000000000FOB*CCSHD*0*0*CTN1*BT*BELL NURSERYN3*PO BOX: 70N4*BURTONSVILLE*MD*20866N1*SN*NEWPORT NEWSN3*325 CHATHAM ROADN4*NEWPORT NEWS*VA*23602CDD*RM*D*****4*EA**UCP*3.95*ICL*15.8*HOSTA 2.75QTLIN**SK*319150*VP*319150CDD*RM*D*****8*EA**UCP*2.7*ICL*21.6*PERENNIAL 1.06QTLIN**SK*322253*VP*322253CDD*RM*D*****6*EA**UCP*2.1*ICL*12.6*PETUNIA WAVE 1 PINTLIN**SK*342318*VP*342318CDD*RM*D*****1*EA**UCP*2.9*ICL*2.9*VIGORO SELECT PINT ANNUALLIN**SK*448075*VP*448075CDD*RM*D*****3*EA**UCP*.85*ICL*2.55*ANNUAL BEDDING PLANT .96PT(.45L) BNLIN**SK*604402*VP*604402CDD*RM*D*****1*EA**UCP*5*ICL*5*SPECIAL PRICE 2-BELL NURSERYLIN**SK*604662*VP*604662CDD*RM*D*****2*EA**UCP*7.4*ICL*14.8*ANNUAL FULL FLAT 3.38OZ(100ML)KWGLIN**SK*610643*VP*610643CDD*RM*D*****2*EA**UCP*11.1*ICL*22.2*VACCINIUM BLUEBERRY 2G BNLIN**SK*854900*VP*854900CDD*RM*D*****2*EA**UCP*4.85*ICL*9.7*AZALEA 1G BNLIN**SK*899643*VP*899643SE*35*000016067ST*812*000016068BCD*20080426*046143110*O*15245*D**0000000000******ST*4614N9*VR*000012569N9*RZ*CONSIGNMENT MERCHN9*DP*28N9*L1*25N9*ZZ*14N9*MB*0000000000FOB*CCSHD*0*0*CTN1*BT*BELL NURSERYN3*PO BOX: 70N4*BURTONSVILLE*MD*20866N1*SN*CELEBRATION STATIONN3*3352 VIRGINIA BCH BLVDN4*VIRGINIA BEACH*VA*23452CDD*RM*D*****1*EA**UCP*3.75*ICL*3.75*GROUNDCOVER 2.75QTLIN**SK*321862*VP*321862CDD*RM*D*****5*EA**UCP*2.9*ICL*14.5*VIGORO SELECT PINT ANNUALLIN**SK*448075*VP*448075CDD*RM*D*****1*EA**UCP*10.4*ICL*10.4*HOUSEPLANT 8 ANGEL HB BNLIN**SK*518034*VP*518034CDD*RM*D*****18*EA**UCP*2.35*ICL*42.3*ANNUAL 1.4QT (1.32L) BNLIN**SK*604529*VP*604529CDD*RM*D*****1*EA**UCP*13.5*ICL*13.5*GIFT PLANT CLIN**SK*876236*VP*876236CDD*RM*D*****1*EA**UCP*68*ICL*68*PRUNUS FLOWERING CHERRY ASST 15G BNLIN**SK*901129*VP*901129SE*29*000016068ST*812*000016069BCD*20080427*046143115*O*10315*D**0000000000******ST*4614N9*VR*000012569N9*RZ*CONSIGNMENT MERCHN9*DP*28N9*L1*25N9*ZZ*14N9*MB*0000000000FOB*CCSHD*0*0*CTN1*BT*BELL NURSERYN3*PO BOX: 70N4*BURTONSVILLE*MD*20866N1*SN*CELEBRATION STATIONN3*3352 VIRGINIA BCH BLVDN4*VIRGINIA BEACH*VA*23452CDD*RM*D*****2*EA**UCP*7*ICL*14*PERENNIAL 1.66G (6.28L) BNLIN**SK*548361*VP*548361CDD*RM*D*****1*EA**UCP*12*ICL*12*TROPICAL FOLIAGE PREM 8 BNLIN**SK*553437*VP*553437CDD*RM*D*****1*EA**UCP*26.5*ICL*26.5*TROPICAL FOLIAGE 12 PREM BNLIN**SK*554809*VP*554809CDD*RM*D*****2*EA**UCP*13.5*ICL*27*ANNUAL FIBER HB 1.34G(5.1L) BNLIN**SK*604426*VP*604426CDD*RM*D*****1*EA**UCP*2.35*ICL*2.35*ANNUAL 1.4QT (1.32L) BNLIN**SK*604529*VP*604529CDD*RM*D*****2*EA**UCP*3.9*ICL*7.8*JUNIPER ASST 1G BNLIN**SK*932214*VP*932214CDD*RM*D*****1*EA**UCP*5.5*ICL*5.5*AMARYLLIS 6IN BNLIN**SK*957499*VP*957499CDD*RM*D*****1*EA**UCP*8*ICL*8*ROSE NONO PATENT 2G BNLIN**SK*993169*VP*993169SE*33*000016069ST*812*000016070BCD*20080426*046155370*O*15935*D**0000000000******ST*4615N9*VR*000012569N9*RZ*CONSIGNMENT MERCHN9*DP*28N9*L1*25N9*ZZ*14N9*MB*0000000000FOB*CCSHD*0*0*CTN1*BT*BELL NURSERYN3*PO BOX: 70N4*BURTONSVILLE*MD*20866N1*SN*MILITARY CIRCLEN3*1261 N MILITARY HWYN4*NORFOLK*VA*23502CDD*RM*D*****1*EA**UCP*3.75*ICL*3.75*GROUNDCOVER 2.75QTLIN**SK*321862*VP*321862CDD*RM*D*****2*EA**UCP*3.55*ICL*7.1*PERENNIAL .63G (2.38L) BNLIN**SK*548007*VP*548007CDD*RM*D*****3*EA**UCP*18*ICL*54*HIBISCUS STD PREM 3G (11.35L) BNLIN**SK*549383*VP*549383CDD*RM*D*****1*EA**UCP*25.5*ICL*25.5*TROPICAL FOLIAGE 10 ULTRA PREM BNLIN**SK*553997*VP*553997CDD*RM*D*****1*EA**UCP*53*ICL*53*TROPICAL FOLIAGE 14 GROUP 1 BNLIN**SK*554959*VP*554959CDD*RM*D*****2*EA**UCP*8*ICL*16*FERN BOSTON 4.9QT(4.63L) BNLIN**SK*604327*VP*604327SE*29*000016070ST*812*000016071BCD*20080427*046155375*O*13823*D**0000000000******ST*4615N9*VR*000012569N9*RZ*CONSIGNMENT MERCHN9*DP*28N9*L1*25N9*ZZ*14N9*MB*0000000000FOB*CCSHD*0*0*CTN1*BT*BELL NURSERYN3*PO BOX: 70N4*BURTONSVILLE*MD*20866N1*SN*MILITARY CIRCLEN3*1261 N MILITARY HWYN4*NORFOLK*VA*23502CDD*RM*D*****2*EA**UCP*13.15*ICL*26.3*SHRUB ASST 2 BNLIN**SK*210866*VP*210866CDD*RM*D*****2*EA**UCP*22*ICL*44*SHRUB ASST 5 BNLIN**SK*211439*VP*211439CDD*RM*D*****1*EA**UCP*12*ICL*12*TROPICAL FOLIAGE PREM 8 BNLIN**SK*553437*VP*553437CDD*RM*D*****2*EA**UCP*8*ICL*16*FERN BOSTON 4.9QT(4.63L) BNLIN**SK*604327*VP*604327CDD*RM*D*****2*EA**UCP*5*ICL*10*SPECIAL PRICE 2-BELL NURSERYLIN**SK*604662*VP*604662CDD*RM*D*****2*EA**UCP*7.4*ICL*14.8*ANNUAL FULL FLAT 3.38OZ(100ML)KWGLIN**SK*610643*VP*610643CDD*RM*D*****1*EA**UCP*15.13*ICL*15.13*GARDENIA ASST 3G BNLIN**SK*857177*VP*857177SE*31*000016071ST*812*000016072BCD*20080426*046168170*O*10970*D**0000000000******ST*4616N9*VR*000012569N9*RZ*CONSIGNMENT MERCHN9*DP*28N9*L1*25N9*ZZ*14N9*MB*0000000000FOB*CCSHD*0*0*CTN1*BT*BELL NURSERYN3*PO BOX: 70N4*BURTONSVILLE*MD*20866N1*SN*S RICHMOND/CHESTERN3*12300 JEFFERSON DAVIS HWN4*CHESTER*VA*23831CDD*RM*D*****2*EA**UCP*12*ICL*24*ACER JAP MAPLE 1G BNLIN**SK*230914*VP*230914CDD*RM*D*****2*EA**UCP*3.75*ICL*7.5*PERENNIAL 2.75QTLIN**SK*321759*VP*321759CDD*RM*D*****2*EA**UCP*8*ICL*16*FERN BOSTON 4.9QT(4.63L) BNLIN**SK*604327*VP*604327CDD*RM*D*****8*EA**UCP*4.85*ICL*38.8*ILEX HOLLY ASST 1G BNLIN**SK*930564*VP*930564CDD*RM*D*****6*EA**UCP*3.9*ICL*23.4*JUNIPER ASST 1G BNLIN**SK*932214*VP*932214SE*27*000016072ST*812*000016073BCD*20080427*046168172*O*14820*D**0000000000******ST*4616N9*VR*000012569N9*RZ*CONSIGNMENT MERCHN9*DP*28N9*L1*25N9*ZZ*14N9*MB*0000000000FOB*CCSHD*0*0*CTN1*BT*BELL NURSERYN3*PO BOX: 70N4*BURTONSVILLE*MD*20866N1*SN*S RICHMOND/CHESTERN3*12300 JEFFERSON DAVIS HWN4*CHESTER*VA*23831CDD*RM*D*****16*EA**UCP*2.7*ICL*43.2*PERENNIAL 1.06QTLIN**SK*322253*VP*322253CDD*RM*D*****3*EA**UCP*7*ICL*21*PERENNIAL 1.66G (6.28L) BNLIN**SK*548361*VP*548361CDD*RM*D*****1*EA**UCP*13.5*ICL*13.5*HIBISCUS BUSH PREM 2.33G (8.83L) BNLIN**SK*549189*VP*549189CDD*RM*D*****2*EA**UCP*8.25*ICL*16.5*TROPICAL FOLIAGE PREM 6 BNLIN**SK*553208*VP*553208CDD*RM*D*****3*EA**UCP*18*ICL*54*ANNUAL COCO LINED HB 152OZ(4.5L)BNLIN**SK*604542*VP*604542SE*27*000016073ST*812*000016077BCD*20080426*046197694*O*4072*D**0000000000******ST*4619N9*VR*000012569N9*RZ*CONSIGNMENT MERCHN9*DP*28N9*L1*25N9*ZZ*14N9*MB*0000000000FOB*CCSHD*0*0*CTN1*BT*BELL NURSERYN3*PO BOX: 70N4*BURTONSVILLE*MD*20866N1*SN*CHESAPEAKE/BATTLEFIELDN3*1400 TINTERN LANEN4*CHESAPEAKE*VA*23320CDD*RM*D*****4*EA**UCP*2.9*ICL*11.6*VIGORO SELECT PINT ANNUALLIN**SK*448075*VP*448075CDD*RM*D*****1*EA**UCP*10.4*ICL*10.4*HOUSEPLANT 8 ANGEL HB BNLIN**SK*518034*VP*518034CDD*RM*D*****2*EA**UCP*8*ICL*16*FERN BOSTON 4.9QT(4.63L) BNLIN**SK*604327*VP*604327CDD*RM*D*****1*EA**UCP*2.72*ICL*2.72*GERANIUM ZONAL 1.52PT(.72L) BNLIN**SK*604457*VP*604457SE*25*000016077ST*812*000016078BCD*20080427*046197696*O*17615*D**0000000000******ST*4619N9*VR*000012569N9*RZ*CONSIGNMENT MERCHN9*DP*28N9*L1*25N9*ZZ*14N9*MB*0000000000FOB*CCSHD*0*0*CTN1*BT*BELL NURSERYN3*PO BOX: 70N4*BURTONSVILLE*MD*20866N1*SN*CHESAPEAKE/BATTLEFIELDN3*1400 TINTERN LANEN4*CHESAPEAKE*VA*23320CDD*RM*D*****4*EA**UCP*3.95*ICL*15.8*HOSTA 2.75QTLIN**SK*319150*VP*319150CDD*RM*D*****1*EA**UCP*3.75*ICL*3.75*PERENNIAL 2.75QTLIN**SK*321759*VP*321759CDD*RM*D*****1*EA**UCP*13.5*ICL*13.5*HIBISCUS BUSH PREM 2.33G (8.83L) BNLIN**SK*549189*VP*549189CDD*RM*D*****1*EA**UCP*8.25*ICL*8.25*TROPICAL FOLIAGE PREM 6 BNLIN**SK*553208*VP*553208CDD*RM*D*****2*EA**UCP*8*ICL*16*FERN BOSTON 4.9QT(4.63L) BNLIN**SK*604327*VP*604327CDD*RM*D*****18*EA**UCP*.85*ICL*15.3*ANNUAL BEDDING PLANT .96PT(.45L) BNLIN**SK*604402*VP*604402CDD*RM*D*****3*EA**UCP*7.4*ICL*22.2*ANNUAL FULL FLAT 3.38OZ(100ML)KWGLIN**SK*610643*VP*610643CDD*RM*D*****1*EA**UCP*11.92*ICL*11.92*SPECIAL MARKDOWN SKU $14.99-BNLIN**SK*617160*VP*617160CDD*RM*D*****2*EA**UCP*14.09*ICL*28.18*HYDRANGEA 3G BNLIN**SK*931620*VP*931620CDD*RM*D*****2*EA**UCP*5.45*ICL*10.9*HYDRANGEA FLORAL 6IN 1 BLOOM BNLIN**SK*957729*VP*957729CDD*RM*D*****1*EA**UCP*10.35*ICL*10.35*HYDRANGEA FLORAL 6.5IN BNLIN**SK*957889*VP*957889CDD*RM*D*****5*EA**UCP*4*ICL*20*FESCUE TALL TURF SOD 10 SQ FTLIN**SK*997327*VP*997327SE*41*000016078ST*812*000016083BCD*20080426*046221002*O*16635*D**0000000000******ST*4622N9*VR*000012569N9*RZ*CONSIGNMENT MERCHN9*DP*28N9*L1*25N9*ZZ*14N9*MB*0000000000FOB*CCSHD*0*0*CTN1*BT*BELL NURSERYN3*PO BOX: 70N4*BURTONSVILLE*MD*20866N1*SN*PORTSMOUTH, VAN3*2421 OLD TAYLOR RDN4*CHESAPEAKE*VA*23321CDD*RM*D*****4*EA**UCP*5.75*ICL*23*ORNAMENTAL GRASS 3.70QTLIN**SK*315216*VP*315216CDD*RM*D*****2*EA**UCP*3.75*ICL*7.5*PERENNIAL 2.75QTLIN**SK*321759*VP*321759CDD*RM*D*****2*EA**UCP*11.9*ICL*23.8*FLOWERING TREE PROMO 5G BNLIN**SK*338323*VP*338323CDD*RM*D*****2*EA**UCP*5.9*ICL*11.8* VIGORO SELECT GALLON ANNUALLIN**SK*456422*VP*456422CDD*RM*D*****1*EA**UCP*10.25*ICL*10.25*TROPICAL FOLIAGE PROMO 10 BNLIN**SK*553457*VP*553457CDD*RM*D*****9*EA**UCP*8*ICL*72*FERN BOSTON 4.9QT(4.63L) BNLIN**SK*604327*VP*604327CDD*RM*D*****1*EA**UCP*18*ICL*18*ANNUAL COCO LINED HB 152OZ(4.5L)BNLIN**SK*604542*VP*604542SE*31*000016083ST*812*000016084BCD*20080427*046221003*O*16980*D**0000000000******ST*4622N9*VR*000012569N9*RZ*CONSIGNMENT MERCHN9*DP*28N9*L1*25N9*ZZ*14N9*MB*0000000000FOB*CCSHD*0*0*CTN1*BT*BELL NURSERYN3*PO BOX: 70N4*BURTONSVILLE*MD*20866N1*SN*PORTSMOUTH, VAN3*2421 OLD TAYLOR RDN4*CHESAPEAKE*VA*23321CDD*RM*D*****1*EA**UCP*11.9*ICL*11.9*FLOWERING TREE PROMO 5G BNLIN**SK*338323*VP*338323CDD*RM*D*****2*EA**UCP*3.55*ICL*7.1*PERENNIAL .63G (2.38L) BNLIN**SK*548007*VP*548007CDD*RM*D*****2*EA**UCP*7.4*ICL*14.8*ANNUAL FULL FLAT 3.38OZ(100ML)KWGLIN**SK*610643*VP*610643CDD*RM*D*****2*EA**UCP*68*ICL*136*PRUNUS FLOWERING CHERRY ASST 15G BNLIN**SK*901129*VP*901129SE*25*000016084ST*812*000016085BCD*20080426*046243024*O*7870*D**0000000000******ST*4624N9*VR*000012569N9*RZ*CONSIGNMENT MERCHN9*DP*28N9*L1*25N9*ZZ*14N9*MB*0000000000FOB*CCSHD*0*0*CTN1*BT*BELL NURSERYN3*PO BOX: 70N4*BURTONSVILLE*MD*20866N1*SN*MECHANICSVILLEN3*7251 BELL CREEK RDN4*MECHANICSVILLE*VA*23111CDD*RM*D*****1*EA**UCP*9.2*ICL*9.2*ILEX HELLERI HOLLY LANDSCAPER 3G BNLIN**SK*293231*VP*293231CDD*RM*D*****1*EA**UCP*25.5*ICL*25.5*TROPICAL FOLIAGE 10 ULTRA PREM BNLIN**SK*553997*VP*553997CDD*RM*D*****4*EA**UCP*8*ICL*32*FERN BOSTON 4.9QT(4.63L) BNLIN**SK*604327*VP*604327CDD*RM*D*****3*EA**UCP*4*ICL*12*FESCUE TALL TURF SOD 10 SQ FTLIN**SK*997327*VP*997327SE*25*000016085ST*812*000016086BCD*20080427*046243028*O*16970*D**0000000000******ST*4624N9*VR*000012569N9*RZ*CONSIGNMENT MERCHN9*DP*28N9*L1*25N9*ZZ*14N9*MB*0000000000FOB*CCSHD*0*0*CTN1*BT*BELL NURSERYN3*PO BOX: 70N4*BURTONSVILLE*MD*20866N1*SN*MECHANICSVILLEN3*7251 BELL CREEK RDN4*MECHANICSVILLE*VA*23111CDD*RM*D*****4*EA**UCP*3.75*ICL*15*PERENNIAL 2.75QTLIN**SK*321759*VP*321759CDD*RM*D*****3*EA**UCP*2.9*ICL*8.7*VIGORO SELECT PINT ANNUALLIN**SK*447221*VP*447221CDD*RM*D*****8*EA**UCP*10.25*ICL*82*TROPICAL FOLIAGE PROMO 10 BNLIN**SK*553457*VP*553457CDD*RM*D*****6*EA**UCP*8*ICL*48*FERN BOSTON 4.9QT(4.63L) BNLIN**SK*604327*VP*604327CDD*RM*D*****2*EA**UCP*8*ICL*16*VIVA! PERENNIALS 3.70QTLIN**SK*992112*VP*992112SE*27*000016086ST*812*000016087BCD*20080426*046267671*O*9610*D**0000000000******ST*4626N9*VR*000012569N9*RZ*CONSIGNMENT MERCHN9*DP*28N9*L1*25N9*ZZ*14N9*MB*0000000000FOB*CCSHD*0*0*CTN1*BT*BELL NURSERYN3*PO BOX: 70N4*BURTONSVILLE*MD*20866N1*SN*VA BEACH/PRINCESS ANNEN3*2020 LYNNHAVEN PKWYN4*VIRGINIA BEACH*VA*23456CDD*RM*D*****2*EA**UCP*18.25*ICL*36.5*SHRUB ASST 4 BNLIN**SK*210966*VP*210966CDD*RM*D*****2*EA**UCP*3.75*ICL*7.5*PERENNIAL 2.75QTLIN**SK*321759*VP*321759CDD*RM*D*****5*EA**UCP*3.75*ICL*18.75*GROUNDCOVER 2.75QTLIN**SK*321862*VP*321862CDD*RM*D*****2*EA**UCP*2.7*ICL*5.4*PERENNIAL 1.06QTLIN**SK*322253*VP*322253CDD*RM*D*****7*EA**UCP*.85*ICL*5.95*ANNUAL BEDDING PLANT .96PT(.45L) BNLIN**SK*604402*VP*604402CDD*RM*D*****1*EA**UCP*12*ICL*12*ANNUAL GARDEN BOWL 1.5G(6L) BNLIN**SK*604459*VP*604459CDD*RM*D*****2*EA**UCP*3*ICL*6*PROVEN WINNERS 4.5IN 1.31PT/619.8MLLIN**SK*957166*VP*957166CDD*RM*D*****1*EA**UCP*4*ICL*4*FESCUE TALL TURF SOD 10 SQ FTLIN**SK*997327*VP*997327SE*33*000016087ST*812*000016088BCD*20080427*046267674*O*21319*D**0000000000******ST*4626N9*VR*000012569N9*RZ*CONSIGNMENT MERCHN9*DP*28N9*L1*25N9*ZZ*14N9*MB*0000000000FOB*CCSHD*0*0*CTN1*BT*BELL NURSERYN3*PO BOX: 70N4*BURTONSVILLE*MD*20866N1*SN*VA BEACH/PRINCESS ANNEN3*2020 LYNNHAVEN PKWYN4*VIRGINIA BEACH*VA*23456CDD*RM*D*****2*EA**UCP*4.2*ICL*8.4*SODMAN FESCUE ROLLLIN**SK*238197*VP*238197CDD*RM*D*****1*EA**UCP*9.2*ICL*9.2*AZALEA LANDSCAPER 3G BNLIN**SK*293069*VP*293069CDD*RM*D*****8*EA**UCP*2.7*ICL*21.6*PERENNIAL 1.06QTLIN**SK*322253*VP*322253CDD*RM*D*****5*EA**UCP*2.9*ICL*14.5*VIGORO SELECT CA QT ANNUALLIN**SK*452670*VP*452670CDD*RM*D*****2*EA**UCP*10.4*ICL*20.8*HOUSEPLANT 8 ANGEL HB BNLIN**SK*518034*VP*518034CDD*RM*D*****1*EA**UCP*13.5*ICL*13.5*HIBISCUS BUSH PREM 2.33G (8.83L) BNLIN**SK*549189*VP*549189CDD*RM*D*****1*EA**UCP*17*ICL*17*MANDEVILLA TRELLIS 2.33G (8.83L)BNLIN**SK*549408*VP*549408CDD*RM*D*****3*EA**UCP*8.59*ICL*25.77*ANNUAL FLWG. PREM HB 4.9QT(4.63L) BNLIN**SK*604585*VP*604585CDD*RM*D*****1*EA**UCP*9.75*ICL*9.75*AZALEA ENCORE 1GLIN**SK*651881*VP*651881CDD*RM*D*****1*EA**UCP*10.87*ICL*10.87*ARBORVITAE GLOBE 2G BNLIN**SK*899280*VP*899280CDD*RM*D*****2*EA**UCP*30.9*ICL*61.8*PRUNUS FLOWERING CHERRY ASST 7G BNLIN**SK*901162*VP*901162SE*39*000016088ST*812*000016089BCD*20080426*046272860*O*18444*D**0000000000******ST*4627N9*VR*000012569N9*RZ*CONSIGNMENT MERCHN9*DP*28N9*L1*25N9*ZZ*14N9*MB*0000000000FOB*CCSHD*0*0*CTN1*BT*BELL NURSERYN3*PO BOX: 70N4*BURTONSVILLE*MD*20866N1*SN*SW RICHMONDN3*12300 CHATTANOOGA PLAZAN4*MIDLOTHIAN*VA*23112CDD*RM*D*****1*EA**UCP*22*ICL*22*SHRUB ASST 5 BNLIN**SK*211439*VP*211439CDD*RM*D*****1*EA**UCP*29*ICL*29*SHRUB ASST 7 BNLIN**SK*211522*VP*211522CDD*RM*D*****5*EA**UCP*1.55*ICL*7.75*GROUNDCOVER 1.11PTLIN**SK*322574*VP*322574CDD*RM*D*****8*EA**UCP*2.9*ICL*23.2*VIGORO SELECT CA QT ANNUALLIN**SK*452670*VP*452670CDD*RM*D*****1*EA**UCP*15*ICL*15*TROPICAL PATIO 3G (11.35L) BNLIN**SK*549690*VP*549690CDD*RM*D*****2*EA**UCP*8*ICL*16*FERN BOSTON 4.9QT(4.63L) BNLIN**SK*604327*VP*604327CDD*RM*D*****2*EA**UCP*.85*ICL*1.7*ANNUAL BEDDING PLANT .96PT(.45L) BNLIN**SK*604402*VP*604402CDD*RM*D*****1*EA**UCP*13.5*ICL*13.5*ANNUAL FIBER HB 1.34G(5.1L) BNLIN**SK*604426*VP*604426CDD*RM*D*****1*EA**UCP*8.41*ICL*8.41*ROSE SHRUB 1GLIN**SK*872783*VP*872783CDD*RM*D*****1*EA**UCP*47.88*ICL*47.88*ARBORVITAE EMERALD GREEN 10G BNLIN**SK*898686*VP*898686SE*37*000016089ST*812*000016090BCD*20080427*046272861*O*29115*D**0000000000******ST*4627N9*VR*000012569N9*RZ*CONSIGNMENT MERCHN9*DP*28N9*L1*25N9*ZZ*14N9*MB*0000000000FOB*CCSHD*0*0*CTN1*BT*BELL NURSERYN3*PO BOX: 70N4*BURTONSVILLE*MD*20866N1*SN*SW RICHMONDN3*12300 CHATTANOOGA PLAZAN4*MIDLOTHIAN*VA*23112CDD*RM*D*****1*EA**UCP*2.9*ICL*2.9*VIGORO SELECT PINT ANNUALLIN**SK*448075*VP*448075CDD*RM*D*****2*EA**UCP*3.55*ICL*7.1*PERENNIAL .63G (2.38L) BNLIN**SK*548007*VP*548007CDD*RM*D*****1*EA**UCP*18*ICL*18*HIBISCUS STD PREM 3G (11.35L) BNLIN**SK*549383*VP*549383CDD*RM*D*****2*EA**UCP*12*ICL*24*TROPICAL FOLIAGE PREM 8 BNLIN**SK*553437*VP*553437CDD*RM*D*****1*EA**UCP*8*ICL*8*FERN BOSTON 4.9QT(4.63L) BNLIN**SK*604327*VP*604327CDD*RM*D*****4*EA**UCP*.85*ICL*3.4*ANNUAL BEDDING PLANT .96PT(.45L) BNLIN**SK*604402*VP*604402CDD*RM*D*****1*EA**UCP*5.15*ICL*5.15*ANNUAL HALF FLAT 0.091QT(86.83ML)KWGLIN**SK*610170*VP*610170CDD*RM*D*****1*EA**UCP*13.5*ICL*13.5*GIFT PLANT CLIN**SK*876236*VP*876236CDD*RM*D*****15*EA**UCP*13.94*ICL*209.1*NANDINA FIREPOWER 3G BNLIN**SK*934920*VP*934920SE*35*000016090ST*812*000016091BCD*20080426*046282880*O*8800*D**0000000000******ST*4628N9*VR*000012569N9*RZ*CONSIGNMENT MERCHN9*DP*28N9*L1*25N9*ZZ*14N9*MB*0000000000FOB*CCSHD*0*0*CTN1*BT*BELL NURSERYN3*PO BOX: 70N4*BURTONSVILLE*MD*20866N1*SN*S ROANOKEN3*4176 FRANKLIN ROADN4*ROANOKE*VA*24014CDD*RM*D*****1*EA**UCP*46*ICL*46*TROPICAL FOLIAGE 14 FANCY BNLIN**SK*554888*VP*554888CDD*RM*D*****3*EA**UCP*8*ICL*24*FERN BOSTON 4.9QT(4.63L) BNLIN**SK*604327*VP*604327CDD*RM*D*****1*EA**UCP*18*ICL*18*ANNUAL COCO LINED HB 152OZ(4.5L)BNLIN**SK*604542*VP*604542SE*23*000016091ST*812*000016092BCD*20080427*046282882*O*19624*D**0000000000******ST*4628N9*VR*000012569N9*RZ*CONSIGNMENT MERCHN9*DP*28N9*L1*25N9*ZZ*14N9*MB*0000000000FOB*CCSHD*0*0*CTN1*BT*BELL NURSERYN3*PO BOX: 70N4*BURTONSVILLE*MD*20866N1*SN*S ROANOKEN3*4176 FRANKLIN ROADN4*ROANOKE*VA*24014CDD*RM*D*****2*EA**UCP*59*ICL*118*SPECIMAN SHRUB 3 BNLIN**SK*211968*VP*211968CDD*RM*D*****8*EA**UCP*4.6*ICL*36.8*SODMAN FESCUE ROLLLIN**SK*238197*VP*238197CDD*RM*D*****1*EA**UCP*12*ICL*12*DIGITALIS CAMELOT 1.92GLIN**SK*307141*VP*307141CDD*RM*D*****2*EA**UCP*3.75*ICL*7.5*PERENNIAL 2.75QTLIN**SK*321759*VP*321759CDD*RM*D*****2*EA**UCP*1.55*ICL*3.1*GROUNDCOVER 1.11PTLIN**SK*322574*VP*322574CDD*RM*D*****1*EA**UCP*10.25*ICL*10.25*TROPICAL FOLIAGE PROMO 10 BNLIN**SK*553457*VP*553457CDD*RM*D*****1*EA**UCP*8.59*ICL*8.59*ANNUAL FLWG. PREM HB 4.9QT(4.63L) BNLIN**SK*604585*VP*604585SE*31*000016092ST*812*000016093BCD*20080426*046310011*O*5900*D**0000000000******ST*4631N9*VR*000012569N9*RZ*CONSIGNMENT MERCHN9*DP*28N9*L1*25N9*ZZ*14N9*MB*0000000000FOB*CCSHD*0*0*CTN1*BT*BELL NURSERYN3*PO BOX: 70N4*BURTONSVILLE*MD*20866N1*SN*MIDLOTHIANN3*1386 CAR MIA WAYN4*RICHMOND*VA*23236CDD*RM*D*****2*EA**UCP*14.5*ICL*29*CLEYERA 3G BNLIN**SK*292951*VP*292951CDD*RM*D*****2*EA**UCP*15*ICL*30*ANNUAL PATIO COLOR 3.4G(12.9L) BNLIN**SK*604379*VP*604379SE*21*000016093ST*812*000016094BCD*20080427*046310013*O*42150*D**0000000000******ST*4631N9*VR*000012569N9*RZ*CONSIGNMENT MERCHN9*DP*28N9*L1*25N9*ZZ*14N9*MB*0000000000FOB*CCSHD*0*0*CTN1*BT*BELL NURSERYN3*PO BOX: 70N4*BURTONSVILLE*MD*20866N1*SN*MIDLOTHIANN3*1386 CAR MIA WAYN4*RICHMOND*VA*23236CDD*RM*D*****2*EA**UCP*5.6*ICL*11.2*PERENNIAL 3.70QTLIN**SK*315253*VP*315253CDD*RM*D*****4*EA**UCP*3.75*ICL*15*PERENNIAL 2.75QTLIN**SK*321759*VP*321759CDD*RM*D*****2*EA**UCP*2.7*ICL*5.4*GROUNDCOVER 1.06QTLIN**SK*322257*VP*322257CDD*RM*D*****1*EA**UCP*26.5*ICL*26.5*TROPICAL FOLIAGE 12 PREM BNLIN**SK*554809*VP*554809CDD*RM*D*****5*EA**UCP*8*ICL*40*FERN BOSTON 4.9QT(4.63L) BNLIN**SK*604327*VP*604327CDD*RM*D*****1*EA**UCP*18*ICL*18*ANNUAL COCO LINED HB 152OZ(4.5L)BNLIN**SK*604542*VP*604542CDD*RM*D*****3*EA**UCP*22*ICL*66*AZALEA ENCORE 3GLIN**SK*651883*VP*651883CDD*RM*D*****5*EA**UCP*47.88*ICL*239.4*ARBORVITAE EMERALD GREEN 10G BNLIN**SK*898686*VP*898686SE*33*000016094ST*812*000016095BCD*20080426*046327197*O*11805*D**0000000000******ST*4632N9*VR*000012569N9*RZ*CONSIGNMENT MERCHN9*DP*28N9*L1*25N9*ZZ*14N9*MB*0000000000FOB*CCSHD*0*0*CTN1*BT*BELL NURSERYN3*PO BOX: 70N4*BURTONSVILLE*MD*20866N1*SN*INTOWN (RICHMOND)N3*6501 W BROAD STN4*RICHMOND*VA*23230CDD*RM*D*****1*EA**UCP*3.95*ICL*3.95*HOSTA 2.75QTLIN**SK*319150*VP*319150CDD*RM*D*****4*EA**UCP*2.7*ICL*10.8*PERENNIAL 1.06QTLIN**SK*322253*VP*322253CDD*RM*D*****8*EA**UCP*2.1*ICL*16.8*PETUNIA WAVE 1 PINTLIN**SK*342318*VP*342318CDD*RM*D*****1*EA**UCP*13.5*ICL*13.5*HIBISCUS BUSH PREM 2.33G (8.83L) BNLIN**SK*549189*VP*549189CDD*RM*D*****1*EA**UCP*12*ICL*12*TROPICAL FOLIAGE PREM 8 BNLIN**SK*553437*VP*553437CDD*RM*D*****2*EA**UCP*10.25*ICL*20.5*TROPICAL FOLIAGE PROMO 10 BNLIN**SK*553457*VP*553457CDD*RM*D*****1*EA**UCP*25.5*ICL*25.5*TROPICAL FOLIAGE 10 ULTRA PREM BNLIN**SK*553997*VP*553997CDD*RM*D*****1*EA**UCP*15*ICL*15*CUPRESSOCYPARIS LEYLAND 5G BNLIN**SK*928452*VP*928452SE*33*000016095ST*812*000016096BCD*20080427*046327198*O*13264*D**0000000000******ST*4632N9*VR*000012569N9*RZ*CONSIGNMENT MERCHN9*DP*28N9*L1*25N9*ZZ*14N9*MB*0000000000FOB*CCSHD*0*0*CTN1*BT*BELL NURSERYN3*PO BOX: 70N4*BURTONSVILLE*MD*20866N1*SN*INTOWN (RICHMOND)N3*6501 W BROAD STN4*RICHMOND*VA*23230CDD*RM*D*****1*EA**UCP*14.65*ICL*14.65*SHRUB ASST 3 BNLIN**SK*210833*VP*210833CDD*RM*D*****3*EA**UCP*4.2*ICL*12.6*SODMAN FESCUE ROLLLIN**SK*238197*VP*238197CDD*RM*D*****4*EA**UCP*8.25*ICL*33*STRAW POT 6PKLIN**SK*470998*VP*470998CDD*RM*D*****2*EA**UCP*8*ICL*16*FERN BOSTON 4.9QT(4.63L) BNLIN**SK*604327*VP*604327CDD*RM*D*****8*EA**UCP*2.35*ICL*18.8*ANNUAL 1.4QT (1.32L) BNLIN**SK*604529*VP*604529CDD*RM*D*****2*EA**UCP*8.59*ICL*17.18*ANNUAL FLWG. PREM HB 4.9QT(4.63L) BNLIN**SK*604585*VP*604585CDD*RM*D*****1*EA**UCP*20.41*ICL*20.41*CORNUS DOGWOOD WHITE 5G BNLIN**SK*904792*VP*904792SE*31*000016096ST*812*000016097BCD*20080426*046339957*O*9239*D**0000000000******ST*4633N9*VR*000012569N9*RZ*CONSIGNMENT MERCHN9*DP*28N9*L1*25N9*ZZ*14N9*MB*0000000000FOB*CCSHD*0*0*CTN1*BT*BELL NURSERYN3*PO BOX: 70N4*BURTONSVILLE*MD*20866N1*SN*COLONIAL HEIGHTSN3*2600 CONDUIT RDN4*COLONIAL HEIGHTS*VA*23834CDD*RM*D*****12*EA**UCP*2.9*ICL*34.8*VIGORO SELECT PINT ANNUALLIN**SK*448075*VP*448075CDD*RM*D*****2*EA**UCP*15*ICL*30*TROPICAL PATIO 3G (11.35L) BNLIN**SK*549690*VP*549690CDD*RM*D*****3*EA**UCP*3.85*ICL*11.55*IMPATIEN NEW GUINEA 1.4QT(1.32L) BNLIN**SK*604422*VP*604422CDD*RM*D*****1*EA**UCP*2.1*ICL*2.1*SUCCULENT 2.5"Z COVERS-5.8FL OZ/16MLLIN**SK*820037*VP*820037CDD*RM*D*****1*EA**UCP*13.94*ICL*13.94*NANDINA FIREPOWER 3G BNLIN**SK*934920*VP*934920SE*27*000016097ST*812*000016098BCD*20080427*046339959*O*15316*D**0000000000******ST*4633N9*VR*000012569N9*RZ*CONSIGNMENT MERCHN9*DP*28N9*L1*25N9*ZZ*14N9*MB*0000000000FOB*CCSHD*0*0*CTN1*BT*BELL NURSERYN3*PO BOX: 70N4*BURTONSVILLE*MD*20866N1*SN*COLONIAL HEIGHTSN3*2600 CONDUIT RDN4*COLONIAL HEIGHTS*VA*23834CDD*RM*D*****1*EA**UCP*2.9*ICL*2.9*VIGORO SELECT PINT ANNUALLIN**SK*448075*VP*448075CDD*RM*D*****7*EA**UCP*8*ICL*56*FERN BOSTON 4.9QT(4.63L) BNLIN**SK*604327*VP*604327CDD*RM*D*****4*EA**UCP*5.15*ICL*20.6*ANNUAL HALF FLAT 0.091QT(86.83ML)KWGLIN**SK*610170*VP*610170CDD*RM*D*****3*EA**UCP*5.15*ICL*15.45*ARBORVITAE EMERALD GREEN 1G BNLIN**SK*898257*VP*898257CDD*RM*D*****1*EA**UCP*20.41*ICL*20.41*CORNUS DOGWOOD WHITE 5G BNLIN**SK*904792*VP*904792CDD*RM*D*****1*EA**UCP*10.5*ICL*10.5*HYDRANGEA HD EXCLUSIVE 8IN BNLIN**SK*931917*VP*931917CDD*RM*D*****7*EA**UCP*3.9*ICL*27.3*JUNIPER ASST 1G BNLIN**SK*932214*VP*932214SE*31*000016098ST*812*000016099BCD*20080427*046348948*O*2465*D**0000000000******ST*4634N9*VR*000012569N9*RZ*CONSIGNMENT MERCHN9*DP*28N9*L1*25N9*ZZ*14N9*MB*0000000000FOB*CCSHD*0*0*CTN1*BT*BELL NURSERYN3*PO BOX: 70N4*BURTONSVILLE*MD*20866N1*SN*CHRISTIANSBURGN3*200 CONSTON AVEN4*CHRISTIANSBURG*VA*24073CDD*RM*D*****2*EA**UCP*6.3*ICL*12.6*SALVIA MAY NIGHT 5.56LLIN**SK*282124*VP*282124CDD*RM*D*****1*EA**UCP*2.35*ICL*2.35*ANNUAL 1.4QT (1.32L) BNLIN**SK*604529*VP*604529CDD*RM*D*****2*EA**UCP*4.85*ICL*9.7*ILEX HOLLY ASST 1G BNLIN**SK*930564*VP*930564SE*23*000016099ST*812*000016100BCD*20080426*046352404*O*18994*D**0000000000******ST*4635N9*VR*000012569N9*RZ*CONSIGNMENT MERCHN9*DP*28N9*L1*25N9*ZZ*14N9*MB*0000000000FOB*CCSHD*0*0*CTN1*BT*BELL NURSERYN3*PO BOX: 70N4*BURTONSVILLE*MD*20866N1*SN*WILLIAMSBURGN3*6700 MOORETOWN ROADN4*WILLIAMSBURG*VA*23188CDD*RM*D*****1*EA**UCP*9*ICL*9*CLEMATIS W/ TRELLIS 2.75QTLIN**SK*310935*VP*310935CDD*RM*D*****8*EA**UCP*.85*ICL*6.8*ANNUAL BEDDING PLANT .96PT(.45L) BNLIN**SK*604402*VP*604402CDD*RM*D*****2*EA**UCP*1.65*ICL*3.3*ANNUAL ACCENT PLANT .96PT(.45L) BNLIN**SK*604429*VP*604429CDD*RM*D*****30*EA**UCP*3.95*ICL*118.5*LIRIOPE .63G(2.38L) BNLIN**SK*604550*VP*604550CDD*RM*D*****2*EA**UCP*9.87*ICL*19.74*LAGERSTROEMIA CRAPE MYRTLE 2G BNLIN**SK*903405*VP*903405CDD*RM*D*****2*EA**UCP*16.3*ICL*32.6*KALMIA MTN LAUREL ASST 2G BNLIN**SK*932709*VP*932709SE*29*000016100ST*812*000016101BCD*20080427*046352407*O*21708*D**0000000000******ST*4635N9*VR*000012569N9*RZ*CONSIGNMENT MERCHN9*DP*28N9*L1*25N9*ZZ*14N9*MB*0000000000FOB*CCSHD*0*0*CTN1*BT*BELL NURSERYN3*PO BOX: 70N4*BURTONSVILLE*MD*20866N1*SN*WILLIAMSBURGN3*6700 MOORETOWN ROADN4*WILLIAMSBURG*VA*23188CDD*RM*D*****3*EA**UCP*8*ICL*24*FERN BOSTON 4.9QT(4.63L) BNLIN**SK*604327*VP*604327CDD*RM*D*****1*EA**UCP*5.15*ICL*5.15*ANNUAL HALF FLAT 0.091QT(86.83ML)KWGLIN**SK*610170*VP*610170CDD*RM*D*****1*EA**UCP*7.4*ICL*7.4*ANNUAL FULL FLAT 3.38OZ(100ML)KWGLIN**SK*610643*VP*610643CDD*RM*D*****5*EA**UCP*22.33*ICL*111.65*GARDENIA ASST 5G BNLIN**SK*857210*VP*857210CDD*RM*D*****2*EA**UCP*22.74*ICL*45.48*BUXUS BOXWOOD ASST 5G BNLIN**SK*901821*VP*901821CDD*RM*D*****1*EA**UCP*3.9*ICL*3.9*JUNIPER ASST 1G BNLIN**SK*932214*VP*932214CDD*RM*D*****2*EA**UCP*9.75*ICL*19.5*HYDRANGEA FLORAL 6IN 4 BLOOMS BNLIN**SK*957745*VP*957745SE*31*000016101ST*812*000016112BCD*20080426*046435461*O*13077*D**0000000000******ST*4643N9*VR*000012569N9*RZ*CONSIGNMENT MERCHN9*DP*28N9*L1*25N9*ZZ*14N9*MB*0000000000FOB*CCSHD*0*0*CTN1*BT*BELL NURSERYN3*PO BOX: 70N4*BURTONSVILLE*MD*20866N1*SN*GENERAL BOOTHN3*2324 ELSON GREEN AVENUEN4*VIRGINIA BEACH*VA*23462CDD*RM*D*****2*EA**UCP*12*ICL*24*ACER JAP MAPLE 1G BNLIN**SK*230914*VP*230914CDD*RM*D*****1*EA**UCP*15*ICL*15*TROPICAL PATIO 3G (11.35L) BNLIN**SK*549690*VP*549690CDD*RM*D*****1*EA**UCP*18.5*ICL*18.5*TROPICAL FOLIAGE PREM 10 BNLIN**SK*553769*VP*553769CDD*RM*D*****1*EA**UCP*8.59*ICL*8.59*ANNUAL FLWG. PREM HB 4.9QT(4.63L) BNLIN**SK*604585*VP*604585CDD*RM*D*****1*EA**UCP*9*ICL*9*SPECIAL PRICE 1- BELL NURSERYLIN**SK*604661*VP*604661CDD*RM*D*****4*EA**UCP*11.92*ICL*47.68*SPECIAL MARKDOWN SKU $14.99-BNLIN**SK*617160*VP*617160CDD*RM*D*****2*EA**UCP*4*ICL*8*FESCUE TALL TURF SOD 10 SQ FTLIN**SK*997327*VP*997327SE*31*000016112ST*812*000016113BCD*20080427*046435464*O*18225*D**0000000000******ST*4643N9*VR*000012569N9*RZ*CONSIGNMENT MERCHN9*DP*28N9*L1*25N9*ZZ*14N9*MB*0000000000FOB*CCSHD*0*0*CTN1*BT*BELL NURSERYN3*PO BOX: 70N4*BURTONSVILLE*MD*20866N1*SN*GENERAL BOOTHN3*2324 ELSON GREEN AVENUEN4*VIRGINIA BEACH*VA*23462CDD*RM*D*****1*EA**UCP*25.5*ICL*25.5*TROPICAL FOLIAGE 10 ULTRA PREM BNLIN**SK*553997*VP*553997CDD*RM*D*****1*EA**UCP*54.8*ICL*54.8*TROPICAL FOLIAGE 14IN GROUP 3 ASSTLIN**SK*601861*VP*601861CDD*RM*D*****2*EA**UCP*13.5*ICL*27*ANNUAL FIBER HB 1.34G(5.1L) BNLIN**SK*604426*VP*604426CDD*RM*D*****2*EA**UCP*2.35*ICL*4.7*ANNUAL 1.4QT (1.32L) BNLIN**SK*604529*VP*604529CDD*RM*D*****1*EA**UCP*4.25*ICL*4.25*GERANIUM ZONAL 1.4QT(1.32L) BNLIN**SK*604636*VP*604636CDD*RM*D*****6*EA**UCP*5*ICL*30*SPECIAL PRICE 2-BELL NURSERYLIN**SK*604662*VP*604662CDD*RM*D*****9*EA**UCP*4*ICL*36*FESCUE TALL TURF SOD 10 SQ FTLIN**SK*997327*VP*997327SE*31*000016113ST*812*000016114BCD*20080426*046451357*O*4022*D**0000000000******ST*4645N9*VR*000012569N9*RZ*CONSIGNMENT MERCHN9*DP*28N9*L1*25N9*ZZ*14N9*MB*0000000000FOB*CCSHD*0*0*CTN1*BT*BELL NURSERYN3*PO BOX: 70N4*BURTONSVILLE*MD*20866N1*SN*HARRISONBURGN3*121 BURGESS ROADN4*HARRISONBURG*VA*22801CDD*RM*D*****1*EA**UCP*9.2*ICL*9.2*AZALEA LANDSCAPER 3G BNLIN**SK*293069*VP*293069CDD*RM*D*****1*EA**UCP*15*ICL*15*TROPICAL PATIO 3G (11.35L) BNLIN**SK*549690*VP*549690CDD*RM*D*****1*EA**UCP*16.02*ICL*16.02*ROSE KNOCKOUT 3G BNLIN**SK*943731*VP*943731SE*23*000016114ST*812*000016115BCD*20080427*046451358*O*4995*D**0000000000******ST*4645N9*VR*000012569N9*RZ*CONSIGNMENT MERCHN9*DP*28N9*L1*25N9*ZZ*14N9*MB*0000000000FOB*CCSHD*0*0*CTN1*BT*BELL NURSERYN3*PO BOX: 70N4*BURTONSVILLE*MD*20866N1*SN*HARRISONBURGN3*121 BURGESS ROADN4*HARRISONBURG*VA*22801CDD*RM*D*****1*EA**UCP*11.9*ICL*11.9*FLOWERING TREE PROMO 5G BNLIN**SK*338323*VP*338323CDD*RM*D*****1*EA**UCP*9.87*ICL*9.87*LAGERSTROEMIA CRAPE MYRTLE 2G BNLIN**SK*903405*VP*903405CDD*RM*D*****2*EA**UCP*14.09*ICL*28.18*LAGERSTROEMIA CRAPE MYRTLE 3G BNLIN**SK*903438*VP*903438SE*23*000016115ST*812*000016120BCD*20080426*046500635*O*1380*D**0000000000******ST*4650N9*VR*000012569N9*RZ*CONSIGNMENT MERCHN9*DP*28N9*L1*25N9*ZZ*14N9*MB*0000000000FOB*CCSHD*0*0*CTN1*BT*BELL NURSERYN3*PO BOX: 70N4*BURTONSVILLE*MD*20866N1*SN*GLOUCESTERN3*6921 WALTON LANEN4*GLOUCESTER*VA*23061CDD*RM*D*****2*EA**UCP*2.9*ICL*5.8*VIGORO SELECT PINT ANNUALLIN**SK*448075*VP*448075CDD*RM*D*****1*EA**UCP*8*ICL*8*FERN BOSTON 4.9QT(4.63L) BNLIN**SK*604327*VP*604327SE*21*000016120ST*812*000016121BCD*20080427*046500636*O*1800*D**0000000000******ST*4650N9*VR*000012569N9*RZ*CONSIGNMENT MERCHN9*DP*28N9*L1*25N9*ZZ*14N9*MB*0000000000FOB*CCSHD*0*0*CTN1*BT*BELL NURSERYN3*PO BOX: 70N4*BURTONSVILLE*MD*20866N1*SN*GLOUCESTERN3*6921 WALTON LANEN4*GLOUCESTER*VA*23061CDD*RM*D*****5*EA**UCP*3.6*ICL*18*SUCCULENTS 4IN (12.6FL OZ/360ML)BNLIN**SK*271691*VP*271691SE*19*000016121ST*812*000016122BCD*20080426*046539544*O*4564*D**0000000000******ST*4653N9*VR*000012569N9*RZ*CONSIGNMENT MERCHN9*DP*28N9*L1*25N9*ZZ*14N9*MB*0000000000FOB*CCSHD*0*0*CTN1*BT*BELL NURSERYN3*PO BOX: 70N4*BURTONSVILLE*MD*20866N1*SN*NORTH RICHMONDN3*10233 LAKERIDGE PARKWAYN4*ASHLAND*VA*23005CDD*RM*D*****2*EA**UCP*8*ICL*16*FERN BOSTON 4.9QT(4.63L) BNLIN**SK*604327*VP*604327CDD*RM*D*****2*EA**UCP*2.72*ICL*5.44*GERANIUM ZONAL 1.52PT(.72L) BNLIN**SK*604457*VP*604457CDD*RM*D*****4*EA**UCP*2.35*ICL*9.4*ANNUAL 1.4QT (1.32L) BNLIN**SK*604529*VP*604529CDD*RM*D*****2*EA**UCP*7.4*ICL*14.8*ANNUAL FULL FLAT 3.38OZ(100ML)KWGLIN**SK*610643*VP*610643SE*25*000016122ST*812*000016123BCD*20080427*046539547*O*12848*D**0000000000******ST*4653N9*VR*000012569N9*RZ*CONSIGNMENT MERCHN9*DP*28N9*L1*25N9*ZZ*14N9*MB*0000000000FOB*CCSHD*0*0*CTN1*BT*BELL NURSERYN3*PO BOX: 70N4*BURTONSVILLE*MD*20866N1*SN*NORTH RICHMONDN3*10233 LAKERIDGE PARKWAYN4*ASHLAND*VA*23005CDD*RM*D*****2*EA**UCP*5.75*ICL*11.5*LILIUM ASIATIC 3.70QTLIN**SK*311002*VP*311002CDD*RM*D*****2*EA**UCP*5.6*ICL*11.2*PERENNIAL 3.70QTLIN**SK*315253*VP*315253CDD*RM*D*****1*EA**UCP*17*ICL*17*MANDEVILLA TRELLIS 2.33G (8.83L)BNLIN**SK*549408*VP*549408CDD*RM*D*****1*EA**UCP*15*ICL*15*ANNUAL PATIO COLOR 3.4G(12.9L) BNLIN**SK*604379*VP*604379CDD*RM*D*****2*EA**UCP*4.85*ICL*9.7*AZALEA 1G BNLIN**SK*899643*VP*899643CDD*RM*D*****4*EA**UCP*16.02*ICL*64.08*ROSE KNOCKOUT 3G BNLIN**SK*943731*VP*943731SE*29*000016123ST*812*000016124BCD*20080427*046548292*O*5625*D**0000000000******ST*4654N9*VR*000012569N9*RZ*CONSIGNMENT MERCHN9*DP*28N9*L1*25N9*ZZ*14N9*MB*0000000000FOB*CCSHD*0*0*CTN1*BT*BELL NURSERYN3*PO BOX: 70N4*BURTONSVILLE*MD*20866N1*SN*WAYNESBORO, VAN3*31 WINDIGROVE ROADN4*WAYNESBORO*VA*22980CDD*RM*D*****1*EA**UCP*3.6*ICL*3.6*PETUNIA WAVE 1.4QT(1.32L) BNLIN**SK*604260*VP*604260CDD*RM*D*****2*EA**UCP*15*ICL*30*ANNUAL PATIO COLOR 3.4G(12.9L) BNLIN**SK*604379*VP*604379CDD*RM*D*****1*EA**UCP*22.65*ICL*22.65*BUXUS GREEN MOUNTAIN BOXWOOD 5G BNLIN**SK*854966*VP*854966SE*23*000016124ST*812*000016125BCD*20080426*046558569*O*15798*D**0000000000******ST*4655N9*VR*000012569N9*RZ*CONSIGNMENT MERCHN9*DP*28N9*L1*25N9*ZZ*14N9*MB*0000000000FOB*CCSHD*0*0*CTN1*BT*BELL NURSERYN3*PO BOX: 70N4*BURTONSVILLE*MD*20866N1*SN*LYNCHBURGN3*7902 GRAVES MILL ROADN4*LYNCHBURG*VA*24504CDD*RM*D*****7*EA**UCP*3.55*ICL*24.85*PERENNIAL .63G (2.38L) BNLIN**SK*548007*VP*548007CDD*RM*D*****1*EA**UCP*8*ICL*8*FERN BOSTON 4.9QT(4.63L) BNLIN**SK*604327*VP*604327CDD*RM*D*****9*EA**UCP*5.32*ICL*47.88*NANDINA FIREPOWER 1G BNLIN**SK*858860*VP*858860CDD*RM*D*****15*EA**UCP*5.15*ICL*77.25*BUXUS BOXWOOD ASST 1G BNLIN**SK*900732*VP*900732SE*25*000016125ST*812*000016126BCD*20080427*046558571*O*2480*D**0000000000******ST*4655N9*VR*000012569N9*RZ*CONSIGNMENT MERCHN9*DP*28N9*L1*25N9*ZZ*14N9*MB*0000000000FOB*CCSHD*0*0*CTN1*BT*BELL NURSERYN3*PO BOX: 70N4*BURTONSVILLE*MD*20866N1*SN*LYNCHBURGN3*7902 GRAVES MILL ROADN4*LYNCHBURG*VA*24504CDD*RM*D*****16*EA**UCP*1.55*ICL*24.8*GROUNDCOVER 1.11PTLIN**SK*322574*VP*322574SE*19*000016126ST*812*000016127BCD*20080426*046562576*O*4990*D**0000000000******ST*4656N9*VR*000012569N9*RZ*CONSIGNMENT MERCHN9*DP*28N9*L1*25N9*ZZ*14N9*MB*0000000000FOB*CCSHD*0*0*CTN1*BT*BELL NURSERYN3*PO BOX: 70N4*BURTONSVILLE*MD*20866N1*SN*S CHESAPEAKEN3*157 HILLCREST PKWYN4*CHESAPEAKE*VA*23322CDD*RM*D*****2*EA**UCP*2.9*ICL*5.8*VIGORO SELECT PINT ANNUALLIN**SK*448075*VP*448075CDD*RM*D*****4*EA**UCP*8*ICL*32*FERN BOSTON 4.9QT(4.63L) BNLIN**SK*604327*VP*604327CDD*RM*D*****2*EA**UCP*2.35*ICL*4.7*ANNUAL 1.4QT (1.32L) BNLIN**SK*604529*VP*604529CDD*RM*D*****1*EA**UCP*7.4*ICL*7.4*ANNUAL FULL FLAT 3.38OZ(100ML)KWGLIN**SK*610643*VP*610643SE*25*000016127ST*812*000016128BCD*20080427*046562579*O*6884*D**0000000000******ST*4656N9*VR*000012569N9*RZ*CONSIGNMENT MERCHN9*DP*28N9*L1*25N9*ZZ*14N9*MB*0000000000FOB*CCSHD*0*0*CTN1*BT*BELL NURSERYN3*PO BOX: 70N4*BURTONSVILLE*MD*20866N1*SN*S CHESAPEAKEN3*157 HILLCREST PKWYN4*CHESAPEAKE*VA*23322CDD*RM*D*****4*EA**UCP*9.2*ICL*36.8*CUPRESSOCYPARIS LEYLAND LANDSC 3G BNLIN**SK*293344*VP*293344CDD*RM*D*****2*EA**UCP*16.02*ICL*32.04*ROSE KNOCKOUT 3G BNLIN**SK*943731*VP*943731SE*21*000016128ST*812*000016129BCD*20080427*046593411*O*2155*D**0000000000******ST*4659N9*VR*000012569N9*RZ*CONSIGNMENT MERCHN9*DP*28N9*L1*25N9*ZZ*14N9*MB*0000000000FOB*CCSHD*0*0*CTN1*BT*BELL NURSERYN3*PO BOX: 70N4*BURTONSVILLE*MD*20866N1*SN*SOUTH HILLN3*1400 COUNTY ROADN4*SOUTH HILL*VA*23970CDD*RM*D*****1*EA**UCP*3.55*ICL*3.55*PERENNIAL .63G (2.38L) BNLIN**SK*548007*VP*548007CDD*RM*D*****1*EA**UCP*18*ICL*18*ANNUAL COCO LINED HB 152OZ(4.5L)BNLIN**SK*604542*VP*604542SE*21*000016129GE*92*182IEA*00001*000003460
ISA*00*          *00*          *14*0722717110100  *12*8048836527     *080429*0117*|*00406*000003461*0*P*>GS*PO*072271711*8048836527*20080429*0117*3265*X*004060ST*850*000098841BEG*00*CN*04094340**20080429*3604094340CUR*BY*USDDTM*038*20080502N1*OB**92*3604N3*4425 W WENDOVER AVEN4*GREENSBORO*NC*27407REF*DP*028REF*3J*0001REF*MR*0000071643PO1*0001*3*EA*2.45**VP*172815*SK*172815*UP*715869380001PID*F****ANGEL PLANT 3.8INPO4**1*EAPO1*0002*2*EA*12**VP*230914*SK*230914*UP*703287106877PID*F****ACER JAP MAPLE 1G BNPO4**1*EAPO1*0003*2*EA*1.15**VP*263623*SK*263623*UP*725651402002PID*F****PANSY 6PK VA GROWERS VMIPO4**1*EAPO1*0004*6*EA*3.95**VP*319150*SK*319150*UP*094392002322PID*F****HOSTA 2.75QTPO4**1*EAPO1*0005*6*EA*3.75**VP*321759*SK*321759*UP*094392006047PID*F****PERENNIAL 2.75QTPO4**1*EAPO1*0006*2*EA*3.75**VP*321862*SK*321862*UP*094392003558PID*F****GROUNDCOVER 2.75QTPO4**1*EAPO1*0007*3*EA*2.7**VP*322253*SK*322253*UP*094392005644PID*F****PERENNIAL 1.06QTPO4**1*EAPO1*0008*5*EA*2.7**VP*322257*SK*322257*UP*094392363737PID*F****GROUNDCOVER 1.06QTPO4**1*EAPO1*0009*4*EA*2.1**VP*342318*SK*342318*UP*855511000182PID*F****PETUNIA WAVE 1 PINTPO4**1*EAPO1*0010*8*EA*2.9**VP*447221*SK*447221*UP*048834111196PID*F****VIGORO SELECT PINT ANNUALPO4**1*EAPO1*0011*2*EA*2.9**VP*448075*SK*448075*UP*048834211124PID*F****VIGORO SELECT PINT ANNUALPO4**1*EAPO1*0012*44*EA*2.9**VP*452670*SK*452670*UP*048834511132PID*F****VIGORO 1PINT ANNUALPO4**1*EAPO1*0013*7*EA*5.9**VP*456422*SK*456422*UP*048834811126PID*F**** VIGORO SELECT GALLON ANNUALPO4**1*EAPO1*0014*3*EA*8.25**VP*470998*SK*470998*UP*724188002990PID*F****STRAW POT 6PKPO4**1*EAPO1*0015*1*EA*3.55**VP*548007*SK*548007*UP*703287101124PID*F****PERENNIAL .63G (2.38L) BNPO4**1*EAPO1*0016*1*EA*17**VP*549408*SK*549408*UP*703287101308PID*F****MANDEVILLA TRELLIS 2.33G (8.83L)BNPO4**1*EAPO1*0017*1*EA*15**VP*549690*SK*549690*UP*703287100202PID*F****TROPICAL PATIO 3G (11.35L) BNPO4**1*EAPO1*0018*5*EA*8.25**VP*553208*SK*553208*UP*703287101872PID*F****TROPICAL FOLIAGE PREM 6 BNPO4**1*EAPO1*0019*1*EA*12**VP*553437*SK*553437*UP*703287101933PID*F****TROPICAL FOLIAGE PREM 8 BNPO4**1*EAPO1*0020*1*EA*10.25**VP*553457*SK*553457*UP*703287101957PID*F****TROPICAL FOLIAGE PROMO 10 BNPO4**1*EAPO1*0021*1*EA*25.5**VP*553997*SK*553997*UP*703287101988PID*F****TROPICAL FOLIAGE 10 ULTRA PREM BNPO4**1*EAPO1*0022*1*EA*9.8**VP*556570*SK*556570*UP*703287102114PID*F****HIBISCUS 7 BRAID BNPO4**1*EAPO1*0023*13*EA*8**VP*604327*SK*604327*UP*703287100080PID*F****FERN BOSTON 4.9QT(4.63L) BNPO4**1*EAPO1*0024*1*EA*5.6**VP*604358*SK*604358*UP*703287100257PID*F****CALADIUM 1.4QT(1.32L) BNPO4**1*EAPO1*0025*32*EA*2.85**VP*604366*SK*604366*UP*703287100127PID*F****GERBERA DAISY 1.39PT(.64L) BNPO4**1*EAPO1*0026*138*EA*.85**VP*604402*SK*604402*UP*703287100110PID*F****ANNUAL BEDDING PLANT .96PT(.45L) BNPO4**1*EAPO1*0027*1*EA*13.5**VP*604426*SK*604426*UP*703287101261PID*F****ANNUAL FIBER HB 1.34G(5.1L) BNPO4**1*EAPO1*0028*3*EA*1.65**VP*604429*SK*604429*UP*703287101605PID*F****ANNUAL ACCENT PLANT .96PT(.45L) BNPO4**1*EAPO1*0029*3*EA*2.35**VP*604529*SK*604529*UP*725651500005PID*F****ANNUAL 1.4QT (1.32L) BNPO4**1*EAPO1*0030*10*EA*3.95**VP*604550*SK*604550*UP*703287100943PID*F****LIRIOPE .63G(2.38L) BNPO4**1*EAPO1*0031*2*EA*8.59**VP*604585*SK*604585*UP*703287100073PID*F****ANNUAL FLWG. PREM HB 4.9QT(4.63L) BNPO4**1*EAPO1*0032*8*EA*4.25**VP*604636*SK*604636*UP*703287100332PID*F****GERANIUM ZONAL 1.4QT(1.32L) BNPO4**1*EAPO1*0033*8*EA*5.15**VP*610170*SK*610170*UP*703287101599PID*F****ANNUAL HALF FLAT 0.091QT(86.83ML)KWGPO4**1*EAPO1*0034*4*EA*7.4**VP*610643*SK*610643*UP*703287101667PID*F****ANNUAL FULL FLAT 3.38OZ(100ML)KWGPO4**1*EAPO1*0035*1*EA*11.92**VP*617160*SK*617160*UP*703287100431PID*F****SPECIAL MARKDOWN SKU $14.99-BNPO4**1*EAPO1*0036*1*EA*2.75**VP*711810*SK*711810*UP*010602014572PID*F****CACTUS SUCCULENT 4INPO4**1*EAPO1*0037*4*EA*12.87**VP*856946*SK*856946*UP*703287106075PID*F****EUONYMOUS BROADLEAF MARGINATA 3G BNPO4**1*EAPO1*0038*3*EA*15.96**VP*858431*SK*858431*UP*703287106273PID*F****LOROPETALUM ASST 3G BNPO4**1*EAPO1*0039*3*EA*5.32**VP*858860*SK*858860*UP*703287106327PID*F****NANDINA FIREPOWER 1G BNPO4**1*EAPO1*0040*14*EA*4.85**VP*899643*SK*899643*UP*703287103166PID*F****AZALEA 1G BNPO4**1*EAPO1*0041*3*EA*7.5**VP*900006*SK*900006*UP*703287103203PID*F****AZALEA BLOOM N AGAIN 1G BNPO4**1*EAPO1*0042*1*EA*17.16**VP*911854*SK*911854*UP*703287105665PID*F****PINE WHITE 3G BNPO4**1*EAPO1*0043*1*EA*2.75**VP*922773*SK*922773*UP*010602014510PID*F****ALOE VERA 4INPO4**1*EAPO1*0044*8*EA*3**VP*957166*SK*957166*UP*703287101438PID*F****PROVEN WINNERS 4.5IN 1.31PT/619.8MLPO4**1*EAPO1*0045*3*EA*8**VP*993169*SK*993169*UP*703287106440PID*F****ROSE NONO PATENT 2G BNPO4**1*EACTT*45*374AMT*TT*1625.49SE*148*000098841ST*850*000098842BEG*00*CN*05056710**20080429*3605056710CUR*BY*USDDTM*038*20080502N1*OB**92*3605N3*3215 BRASFIELD ROADN4*GREENSBORO*NC*27410REF*DP*028REF*3J*0001REF*MR*0000071643PO1*0001*2*EA*1.5**VP*164453*SK*164453*UP*010602014565PID*F****CACTUS SUCCULENT 3INPO4**1*EAPO1*0002*1*EA*2.75**VP*164518*SK*164518*UP*010602020122PID*F****CACTUS 3IN GRAFTEDPO4**1*EAPO1*0003*2*EA*21.31**VP*205545*SK*205545*UP*703287101797PID*F****GIFT READY - GROUP F BNPO4**1*EAPO1*0004*2*EA*12**VP*230914*SK*230914*UP*703287106877PID*F****ACER JAP MAPLE 1G BNPO4**1*EAPO1*0005*1*EA*3.1**VP*272386*SK*272386*UP*703287107461PID*F****CACTI 2.5"STRAWFLOWER(5.8FLOZ/16ML)BPO4**1*EAPO1*0006*1*EA*4.25**VP*273082*SK*273082*UP*703287107478PID*F****FAIRY CASTLE 3.25"-8.2FL OZ/235ML BNPO4**1*EAPO1*0007*8*EA*2.7**VP*307357*SK*307357*UP*094392363676PID*F****HOSTA QUARTPO4**1*EAPO1*0008*3*EA*5.6**VP*315253*SK*315253*UP*094392009963PID*F****PERENNIAL 3.70QTPO4**1*EAPO1*0009*1*EA*15.8**VP*320967*SK*320967*UP*703287107386PID*F****PRUNUS PURPLE LEAF PLUM 5G BNPO4**1*EAPO1*0010*28*EA*3.75**VP*321759*SK*321759*UP*094392006047PID*F****PERENNIAL 2.75QTPO4**1*EAPO1*0011*5*EA*2.7**VP*322253*SK*322253*UP*094392005644PID*F****PERENNIAL 1.06QTPO4**1*EAPO1*0012*1*EA*2.7**VP*322257*SK*322257*UP*094392363737PID*F****GROUNDCOVER 1.06QTPO4**1*EAPO1*0013*6*EA*1.55**VP*322574*SK*322574*UP*094392363706PID*F****GROUNDCOVER 1.11PTPO4**1*EAPO1*0014*8*EA*2.1**VP*342318*SK*342318*UP*855511000182PID*F****PETUNIA WAVE 1 PINTPO4**1*EAPO1*0015*9*EA*2.9**VP*447221*SK*447221*UP*048834111196PID*F****VIGORO SELECT PINT ANNUALPO4**1*EAPO1*0016*18*EA*2.9**VP*448075*SK*448075*UP*048834211124PID*F****VIGORO SELECT PINT ANNUALPO4**1*EAPO1*0017*5*EA*5.9**VP*456422*SK*456422*UP*048834811126PID*F**** VIGORO SELECT GALLON ANNUALPO4**1*EAPO1*0018*3*EA*8.25**VP*470998*SK*470998*UP*724188002990PID*F****STRAW POT 6PKPO4**1*EAPO1*0019*5*EA*13.5**VP*549189*SK*549189*UP*703287100974PID*F****HIBISCUS BUSH PREM 2.33G (8.83L) BNPO4**1*EAPO1*0020*1*EA*17**VP*549408*SK*549408*UP*703287101308PID*F****MANDEVILLA TRELLIS 2.33G (8.83L)BNPO4**1*EAPO1*0021*1*EA*8.25**VP*553208*SK*553208*UP*703287101872PID*F****TROPICAL FOLIAGE PREM 6 BNPO4**1*EAPO1*0022*1*EA*8**VP*553307*SK*553307*UP*703287101896PID*F****ANTHURIUM 6 BNPO4**1*EAPO1*0023*1*EA*18.5**VP*553769*SK*553769*UP*703287101971PID*F****TROPICAL FOLIAGE PREM 10 BNPO4**1*EAPO1*0024*1*EA*33**VP*554879*SK*554879*UP*703287102008PID*F****TROPICAL FOLIAGE 14 PROMO BNPO4**1*EAPO1*0025*1*EA*46**VP*554888*SK*554888*UP*703287102015PID*F****TROPICAL FOLIAGE 14 FANCY BNPO4**1*EAPO1*0026*1*EA*5.75**VP*579507*SK*579507*UP*855511000359PID*F****PREMIUM COLOR VIVA! 2.5 QTPO4**1*EAPO1*0027*1*EA*8**VP*604327*SK*604327*UP*703287100080PID*F****FERN BOSTON 4.9QT(4.63L) BNPO4**1*EAPO1*0028*10*EA*2.85**VP*604366*SK*604366*UP*703287100127PID*F****GERBERA DAISY 1.39PT(.64L) BNPO4**1*EAPO1*0029*1*EA*15**VP*604379*SK*604379*UP*693267300275PID*F****ANNUAL PATIO COLOR 3.4G(12.9L) BNPO4**1*EAPO1*0030*34*EA*.85**VP*604402*SK*604402*UP*703287100110PID*F****ANNUAL BEDDING PLANT .96PT(.45L) BNPO4**1*EAPO1*0031*1*EA*13.5**VP*604426*SK*604426*UP*703287101261PID*F****ANNUAL FIBER HB 1.34G(5.1L) BNPO4**1*EAPO1*0032*2*EA*1.65**VP*604429*SK*604429*UP*703287101605PID*F****ANNUAL ACCENT PLANT .96PT(.45L) BNPO4**1*EAPO1*0033*1*EA*12**VP*604459*SK*604459*UP*703287100653PID*F****ANNUAL GARDEN BOWL 1.5G(6L) BNPO4**1*EAPO1*0034*4*EA*5.9**VP*604493*SK*604493*UP*703287101537PID*F****ANNUAL SPECIALTY 2.6QT(2.46L)BNPO4**1*EAPO1*0035*7*EA*2.35**VP*604529*SK*604529*UP*725651500005PID*F****ANNUAL 1.4QT (1.32L) BNPO4**1*EAPO1*0036*12*EA*3.95**VP*604550*SK*604550*UP*703287100943PID*F****LIRIOPE .63G(2.38L) BNPO4**1*EAPO1*0037*4*EA*8.59**VP*604585*SK*604585*UP*703287100073PID*F****ANNUAL FLWG. PREM HB 4.9QT(4.63L) BNPO4**1*EAPO1*0038*2*EA*3**VP*604623*SK*604623*UP*703287100325PID*F****BEGONIA NON-STOP 1.39PT(.64L) BNPO4**1*EAPO1*0039*2*EA*4.25**VP*604636*SK*604636*UP*703287100332PID*F****GERANIUM ZONAL 1.4QT(1.32L) BNPO4**1*EAPO1*0040*3*EA*5.15**VP*610170*SK*610170*UP*703287101599PID*F****ANNUAL HALF FLAT 0.091QT(86.83ML)KWGPO4**1*EAPO1*0041*3*EA*2.75**VP*711810*SK*711810*UP*010602014572PID*F****CACTUS SUCCULENT 4INPO4**1*EAPO1*0042*3*EA*15.96**VP*858431*SK*858431*UP*703287106273PID*F****LOROPETALUM ASST 3G BNPO4**1*EAPO1*0043*1*EA*4.85**VP*899643*SK*899643*UP*703287103166PID*F****AZALEA 1G BNPO4**1*EAPO1*0044*1*EA*14.87**VP*900072*SK*900072*UP*703287103210PID*F****AZALEA BLOOM N AGAIN 3G BNPO4**1*EAPO1*0045*1*EA*27.74**VP*909049*SK*909049*UP*703287105474PID*F****ACER SILVER MAPLE 7G BNPO4**1*EAPO1*0046*1*EA*3**VP*957166*SK*957166*UP*703287101438PID*F****PROVEN WINNERS 4.5IN 1.31PT/619.8MLPO4**1*EAPO1*0047*2*EA*7.75**VP*974806*SK*974806*UP*094392364888PID*F****CORDYLINE 2.75QTPO4**1*EACTT*47*212AMT*TT*1323.6SE*154*000098842ST*850*000098843BEG*00*CN*15079149**20080429*3615079149CUR*BY*USDDTM*038*20080502N1*OB**92*3615N3*2031 WALNUT STREETN4*CARY*NC*27511REF*DP*028REF*3J*0001REF*MR*0000071643PO1*0001*10*EA*2.45**VP*172815*SK*172815*UP*715869300030PID*F****ANGEL PLANT 3.8INPO4**1*EAPO1*0002*9*EA*12**VP*230914*SK*230914*UP*703287106877PID*F****ACER JAP MAPLE 1G BNPO4**1*EAPO1*0003*1*EA*22.3**VP*231009*SK*231009*UP*703287106884PID*F****MAGNOLIA SAUCER 5G BNPO4**1*EAPO1*0004*1*EA*3.1**VP*273899*SK*273899*UP*703287107485PID*F****CACTUS GRAFTS (5.8FL OZ/16ML)BNPO4**1*EAPO1*0005*2*EA*9.2**VP*293069*SK*293069*UP*703287107065PID*F****AZALEA LANDSCAPER 3G BNPO4**1*EAPO1*0006*1*EA*9.2**VP*293103*SK*293103*UP*703287107089PID*F****ILEX COMPACTA HOLLY LANDSCAPER 3G BNPO4**1*EAPO1*0007*6*EA*9.2**VP*293317*SK*293317*UP*703287107119PID*F****LIGUSTRUM RECURVE LANDSCAPER 3G BNPO4**1*EAPO1*0008*2*EA*9.2**VP*293344*SK*293344*UP*703287107126PID*F****CUPRESSOCYPARIS LEYLAND LANDSC 3G BNPO4**1*EAPO1*0009*12*EA*2.7**VP*307357*SK*307357*UP*094392363676PID*F****HOSTA QUARTPO4**1*EAPO1*0010*1*EA*5.6**VP*315253*SK*315253*UP*094392009963PID*F****PERENNIAL 3.70QTPO4**1*EAPO1*0011*11*EA*3.95**VP*319150*SK*319150*UP*094392002322PID*F****HOSTA 2.75QTPO4**1*EAPO1*0012*31*EA*3.75**VP*321759*SK*321759*UP*094392006047PID*F****PERENNIAL 2.75QTPO4**1*EAPO1*0013*4*EA*2.7**VP*322253*SK*322253*UP*094392005644PID*F****PERENNIAL 1.06QTPO4**1*EAPO1*0014*2*EA*2.7**VP*322257*SK*322257*UP*094392363737PID*F****GROUNDCOVER 1.06QTPO4**1*EAPO1*0015*10*EA*1.55**VP*322574*SK*322574*UP*094392361658PID*F****GROUNDCOVER 1.11PTPO4**1*EAPO1*0016*19*EA*2.9**VP*448075*SK*448075*UP*048834211124PID*F****VIGORO SELECT PINT ANNUALPO4**1*EAPO1*0017*2*EA*5.9**VP*456114*SK*456114*UP*048834711136PID*F****VIGORO SELECT GALLON ANNUALPO4**1*EAPO1*0018*3*EA*5.9**VP*456333*SK*456333*UP*048834711174PID*F**** VIGORO SELECT GALLON ANNUALPO4**1*EAPO1*0019*1*EA*15**VP*549690*SK*549690*UP*703287100202PID*F****TROPICAL PATIO 3G (11.35L) BNPO4**1*EAPO1*0020*2*EA*8.25**VP*553208*SK*553208*UP*703287101872PID*F****TROPICAL FOLIAGE PREM 6 BNPO4**1*EAPO1*0021*1*EA*8**VP*553307*SK*553307*UP*703287101896PID*F****ANTHURIUM 6 BNPO4**1*EAPO1*0022*1*EA*25.5**VP*553997*SK*553997*UP*703287101988PID*F****TROPICAL FOLIAGE 10 ULTRA PREM BNPO4**1*EAPO1*0023*13*EA*3.6**VP*604260*SK*604260*UP*703287101155PID*F****PETUNIA WAVE 1.4QT(1.32L) BNPO4**1*EAPO1*0024*41*EA*8**VP*604327*SK*604327*UP*703287100080PID*F****FERN BOSTON 4.9QT(4.63L) BNPO4**1*EAPO1*0025*1*EA*5.6**VP*604358*SK*604358*UP*703287100257PID*F****CALADIUM 1.4QT(1.32L) BNPO4**1*EAPO1*0026*25*EA*2.85**VP*604366*SK*604366*UP*703287100127PID*F****GERBERA DAISY 1.39PT(.64L) BNPO4**1*EAPO1*0027*67*EA*.85**VP*604402*SK*604402*UP*703287100110PID*F****ANNUAL BEDDING PLANT .96PT(.45L) BNPO4**1*EAPO1*0028*4*EA*1.65**VP*604429*SK*604429*UP*703287101605PID*F****ANNUAL ACCENT PLANT .96PT(.45L) BNPO4**1*EAPO1*0029*1*EA*12**VP*604459*SK*604459*UP*703287100653PID*F****ANNUAL GARDEN BOWL 1.5G(6L) BNPO4**1*EAPO1*0030*43*EA*2.35**VP*604529*SK*604529*UP*703287100363PID*F****ANNUAL 1.4QT (1.32L) BNPO4**1*EAPO1*0031*2*EA*18**VP*604542*SK*604542*UP*703287100585PID*F****ANNUAL COCO LINED HB 152OZ(4.5L)BNPO4**1*EAPO1*0032*3*EA*3.95**VP*604550*SK*604550*UP*703287100943PID*F****LIRIOPE .63G(2.38L) BNPO4**1*EAPO1*0033*2*EA*1.5**VP*604577*SK*604577*UP*703287101568PID*F****GROUND COVER .96PT(.45L) BNPO4**1*EAPO1*0034*9*EA*8.59**VP*604585*SK*604585*UP*703287100073PID*F****ANNUAL FLWG. PREM HB 4.9QT(4.63L) BNPO4**1*EAPO1*0035*1*EA*5**VP*604662*SK*604662*UP*703287100318PID*F****SPECIAL PRICE 2-BELL NURSERYPO4**1*EAPO1*0036*6*EA*5.15**VP*610170*SK*610170*UP*703287101599PID*F****ANNUAL HALF FLAT 0.091QT(86.83ML)KWGPO4**1*EAPO1*0037*5*EA*7.4**VP*610643*SK*610643*UP*703287101667PID*F****ANNUAL FULL FLAT 3.38OZ(100ML)KWGPO4**1*EAPO1*0038*2*EA*20**VP*642380*SK*642380*UP*703287102534PID*F****ORCHID PHALAENOPSIS 6IN BNPO4**1*EAPO1*0039*1*EA*16.9**VP*707782*SK*707782*UP*703287107171PID*F****PROVEN WINNER SHRUB 3G BNPO4**1*EAPO1*0040*1*EA*2.75**VP*922773*SK*922773*UP*010602014510PID*F****ALOE VERA 4INPO4**1*EAPO1*0041*1*EA*10.5**VP*931917*SK*931917*UP*703287104040PID*F****HYDRANGEA HD EXCLUSIVE 8IN BNPO4**1*EAPO1*0042*10*EA*3.9**VP*932214*SK*932214*UP*703287104101PID*F****JUNIPER ASST 1G BNPO4**1*EAPO1*0043*1*EA*11.5**VP*946734*SK*946734*UP*703287104309PID*F****PAEONIA PEONY 2G BNPO4**1*EAPO1*0044*2*EA*3**VP*957166*SK*957166*UP*703287101438PID*F****PROVEN WINNERS 4.5IN 1.31PT/619.8MLPO4**1*EAPO1*0045*1*EA*7.56**VP*991288*SK*991288*UP*703287106365PID*F****PERENNIAL PREM ASST 8IN (4.1QT/3.9L)PO4**1*EAPO1*0046*2*EA*8**VP*993169*SK*993169*UP*703287106440PID*F****ROSE NONO PATENT 2G BNPO4**1*EACTT*46*376AMT*TT*2007.29SE*151*000098843ST*850*000098844BEG*00*CN*16082534**20080429*3616082534CUR*BY*USDDTM*038*20080502N1*OB**92*3616N3*4901 CAPITAL BLVDN4*RALEIGH*NC*27616REF*DP*028REF*3J*0001REF*MR*0000071643PO1*0001*2*EA*14.65**VP*210833*SK*210833*UP*703287102329PID*F****SHRUB ASST 3 BNPO4**1*EAPO1*0002*2*EA*9.2**VP*293069*SK*293069*UP*703287107065PID*F****AZALEA LANDSCAPER 3G BNPO4**1*EAPO1*0003*1*EA*5.75**VP*311002*SK*311002*UP*094392005231PID*F****LILIUM ASIATIC 3.70QTPO4**1*EAPO1*0004*1*EA*5.6**VP*315253*SK*315253*UP*094392009963PID*F****PERENNIAL 3.70QTPO4**1*EAPO1*0005*1*EA*3.95**VP*319150*SK*319150*UP*094392002322PID*F****HOSTA 2.75QTPO4**1*EAPO1*0006*15*EA*3.75**VP*321759*SK*321759*UP*094392006047PID*F****PERENNIAL 2.75QTPO4**1*EAPO1*0007*1*EA*3.75**VP*321862*SK*321862*UP*094392003558PID*F****GROUNDCOVER 2.75QTPO4**1*EAPO1*0008*1*EA*2.7**VP*322253*SK*322253*UP*094392005644PID*F****PERENNIAL 1.06QTPO4**1*EAPO1*0009*4*EA*2.1**VP*342318*SK*342318*UP*855511000182PID*F****PETUNIA WAVE 1 PINTPO4**1*EAPO1*0010*4*EA*2.9**VP*447221*SK*447221*UP*048834111196PID*F****VIGORO SELECT PINT ANNUALPO4**1*EAPO1*0011*12*EA*2.9**VP*448075*SK*448075*UP*048834211124PID*F****VIGORO SELECT PINT ANNUALPO4**1*EAPO1*0012*5*EA*2.9**VP*452670*SK*452670*UP*048834511132PID*F****VIGORO 1PINT ANNUALPO4**1*EAPO1*0013*2*EA*8.25**VP*470998*SK*470998*UP*724188002990PID*F****STRAW POT 6PKPO4**1*EAPO1*0014*1*EA*13.5**VP*549189*SK*549189*UP*703287100974PID*F****HIBISCUS BUSH PREM 2.33G (8.83L) BNPO4**1*EAPO1*0015*3*EA*8.25**VP*553208*SK*553208*UP*703287101872PID*F****TROPICAL FOLIAGE PREM 6 BNPO4**1*EAPO1*0016*1*EA*8**VP*553307*SK*553307*UP*703287101896PID*F****ANTHURIUM 6 BNPO4**1*EAPO1*0017*1*EA*10.25**VP*553457*SK*553457*UP*703287101957PID*F****TROPICAL FOLIAGE PROMO 10 BNPO4**1*EAPO1*0018*8*EA*9.8**VP*556570*SK*556570*UP*703287102114PID*F****HIBISCUS 7 BRAID BNPO4**1*EAPO1*0019*5*EA*3.6**VP*604260*SK*604260*UP*703287101155PID*F****PETUNIA WAVE 1.4QT(1.32L) BNPO4**1*EAPO1*0020*21*EA*8**VP*604327*SK*604327*UP*703287100080PID*F****FERN BOSTON 4.9QT(4.63L) BNPO4**1*EAPO1*0021*5*EA*2.85**VP*604366*SK*604366*UP*703287100127PID*F****GERBERA DAISY 1.39PT(.64L) BNPO4**1*EAPO1*0022*100*EA*.85**VP*604402*SK*604402*UP*703287100110PID*F****ANNUAL BEDDING PLANT .96PT(.45L) BNPO4**1*EAPO1*0023*2*EA*2.72**VP*604457*SK*604457*UP*643952343629PID*F****GERANIUM ZONAL 1.52PT(.72L) BNPO4**1*EAPO1*0024*9*EA*2.35**VP*604529*SK*604529*UP*725651500005PID*F****ANNUAL 1.4QT (1.32L) BNPO4**1*EAPO1*0025*2*EA*8.59**VP*604585*SK*604585*UP*703287100073PID*F****ANNUAL FLWG. PREM HB 4.9QT(4.63L) BNPO4**1*EAPO1*0026*9*EA*4.25**VP*604636*SK*604636*UP*703287100332PID*F****GERANIUM ZONAL 1.4QT(1.32L) BNPO4**1*EAPO1*0027*6*EA*5.15**VP*610170*SK*610170*UP*703287101599PID*F****ANNUAL HALF FLAT 0.091QT(86.83ML)KWGPO4**1*EAPO1*0028*7*EA*7.4**VP*610643*SK*610643*UP*703287101667PID*F****ANNUAL FULL FLAT 3.38OZ(100ML)KWGPO4**1*EAPO1*0029*2*EA*2.02**VP*617188*SK*617188*UP*703287100554PID*F****SPECIAL MARKDOWN SKU $2.67-BNPO4**1*EAPO1*0030*2*EA*15.96**VP*858431*SK*858431*UP*703287106273PID*F****LOROPETALUM ASST 3G BNPO4**1*EAPO1*0031*1*EA*4.85**VP*899643*SK*899643*UP*703287103166PID*F****AZALEA 1G BNPO4**1*EAPO1*0032*2*EA*15.75**VP*905485*SK*905485*UP*703287105252PID*F****PRUNUS PEACH TREE DWARF 5G BNPO4**1*EAPO1*0033*1*EA*16.02**VP*943731*SK*943731*UP*703287104521PID*F****ROSE KNOCKOUT 3G BNPO4**1*EAPO1*0034*3*EA*3**VP*957166*SK*957166*UP*703287101438PID*F****PROVEN WINNERS 4.5IN 1.31PT/619.8MLPO4**1*EAPO1*0035*1*EA*7.56**VP*991288*SK*991288*UP*703287106365PID*F****PERENNIAL PREM ASST 8IN (4.1QT/3.9L)PO4**1*EAPO1*0036*1*EA*8**VP*992112*SK*992112*UP*842276001578PID*F****VIVA! PERENNIALS 3.70QTPO4**1*EAPO1*0037*3*EA*8**VP*993169*SK*993169*UP*703287106440PID*F****ROSE NONO PATENT 2G BNPO4**1*EACTT*37*247AMT*TT*1163.18SE*124*000098844ST*850*000098845BEG*00*CN*20087209**20080429*3620087209CUR*BY*USDDTM*038*20080502N1*OB**92*3620N3*3701 MT MORIAH ROADN4*DURHAM*NC*27707REF*DP*028REF*3J*0001REF*MR*0000071643PO1*0001*1*EA*2.45**VP*172815*SK*172815*UP*715869300030PID*F****ANGEL PLANT 3.8INPO4**1*EAPO1*0002*1*EA*21.31**VP*205545*SK*205545*UP*703287101797PID*F****GIFT READY - GROUP F BNPO4**1*EAPO1*0003*11*EA*12**VP*230914*SK*230914*UP*703287106877PID*F****ACER JAP MAPLE 1G BNPO4**1*EAPO1*0004*1*EA*22.3**VP*231009*SK*231009*UP*703287106884PID*F****MAGNOLIA SAUCER 5G BNPO4**1*EAPO1*0005*1*EA*3.1**VP*272386*SK*272386*UP*703287107461PID*F****CACTI 2.5"STRAWFLOWER(5.8FLOZ/16ML)BPO4**1*EAPO1*0006*4*EA*9.2**VP*293231*SK*293231*UP*703287107096PID*F****ILEX HELLERI HOLLY LANDSCAPER 3G BNPO4**1*EAPO1*0007*16*EA*2.7**VP*307357*SK*307357*UP*094392363676PID*F****HOSTA QUARTPO4**1*EAPO1*0008*9*EA*3.95**VP*319150*SK*319150*UP*094392002322PID*F****HOSTA 2.75QTPO4**1*EAPO1*0009*12*EA*3.75**VP*321759*SK*321759*UP*094392006047PID*F****PERENNIAL 2.75QTPO4**1*EAPO1*0010*4*EA*3.75**VP*321862*SK*321862*UP*094392003558PID*F****GROUNDCOVER 2.75QTPO4**1*EAPO1*0011*1*EA*2.7**VP*322253*SK*322253*UP*094392005644PID*F****PERENNIAL 1.06QTPO4**1*EAPO1*0012*22*EA*2.7**VP*322257*SK*322257*UP*094392363737PID*F****GROUNDCOVER 1.06QTPO4**1*EAPO1*0013*23*EA*1.55**VP*322574*SK*322574*UP*094392361658PID*F****GROUNDCOVER 1.11PTPO4**1*EAPO1*0014*8*EA*2.1**VP*342318*SK*342318*UP*855511000182PID*F****PETUNIA WAVE 1 PINTPO4**1*EAPO1*0015*3*EA*17**VP*363673*SK*363673*UP*703287101704PID*F****HIBISCUS EXOTIC PERENNIAL 3G BNPO4**1*EAPO1*0016*20*EA*2.9**VP*447221*SK*447221*UP*048834111196PID*F****VIGORO SELECT PINT ANNUALPO4**1*EAPO1*0017*51*EA*2.9**VP*448075*SK*448075*UP*048834211124PID*F****VIGORO SELECT PINT ANNUALPO4**1*EAPO1*0018*5*EA*2.9**VP*452670*SK*452670*UP*048834511132PID*F****VIGORO 1PINT ANNUALPO4**1*EAPO1*0019*2*EA*5.9**VP*456114*SK*456114*UP*048834711136PID*F****VIGORO SELECT GALLON ANNUALPO4**1*EAPO1*0020*3*EA*5.9**VP*456422*SK*456422*UP*048834811126PID*F**** VIGORO SELECT GALLON ANNUALPO4**1*EAPO1*0021*3*EA*8.25**VP*470998*SK*470998*UP*724188002990PID*F****STRAW POT 6PKPO4**1*EAPO1*0022*8*EA*13.5**VP*549189*SK*549189*UP*703287100974PID*F****HIBISCUS BUSH PREM 2.33G (8.83L) BNPO4**1*EAPO1*0023*4*EA*15**VP*549690*SK*549690*UP*703287100202PID*F****TROPICAL PATIO 3G (11.35L) BNPO4**1*EAPO1*0024*4*EA*8.25**VP*553208*SK*553208*UP*703287101872PID*F****TROPICAL FOLIAGE PREM 6 BNPO4**1*EAPO1*0025*6*EA*8**VP*553307*SK*553307*UP*703287101896PID*F****ANTHURIUM 6 BNPO4**1*EAPO1*0026*1*EA*10.25**VP*553457*SK*553457*UP*703287101957PID*F****TROPICAL FOLIAGE PROMO 10 BNPO4**1*EAPO1*0027*2*EA*18.5**VP*553769*SK*553769*UP*703287101971PID*F****TROPICAL FOLIAGE PREM 10 BNPO4**1*EAPO1*0028*3*EA*9.8**VP*556570*SK*556570*UP*703287102114PID*F****HIBISCUS 7 BRAID BNPO4**1*EAPO1*0029*15*EA*8**VP*604327*SK*604327*UP*703287100080PID*F****FERN BOSTON 4.9QT(4.63L) BNPO4**1*EAPO1*0030*7*EA*5.6**VP*604358*SK*604358*UP*703287100257PID*F****CALADIUM 1.4QT(1.32L) BNPO4**1*EAPO1*0031*13*EA*2.85**VP*604366*SK*604366*UP*703287100127PID*F****GERBERA DAISY 1.39PT(.64L) BNPO4**1*EAPO1*0032*162*EA*.85**VP*604402*SK*604402*UP*703287100110PID*F****ANNUAL BEDDING PLANT .96PT(.45L) BNPO4**1*EAPO1*0033*7*EA*1.65**VP*604429*SK*604429*UP*703287101605PID*F****ANNUAL ACCENT PLANT .96PT(.45L) BNPO4**1*EAPO1*0034*51*EA*2.35**VP*604529*SK*604529*UP*725651500005PID*F****ANNUAL 1.4QT (1.32L) BNPO4**1*EAPO1*0035*3*EA*18**VP*604542*SK*604542*UP*703287100585PID*F****ANNUAL COCO LINED HB 152OZ(4.5L)BNPO4**1*EAPO1*0036*2*EA*1.5**VP*604577*SK*604577*UP*703287101568PID*F****GROUND COVER .96PT(.45L) BNPO4**1*EAPO1*0037*3*EA*8.59**VP*604585*SK*604585*UP*703287100073PID*F****ANNUAL FLWG. PREM HB 4.9QT(4.63L) BNPO4**1*EAPO1*0038*6*EA*4.25**VP*604636*SK*604636*UP*703287100332PID*F****GERANIUM ZONAL 1.4QT(1.32L) BNPO4**1*EAPO1*0039*4*EA*1.97**VP*604655*SK*604655*UP*703287101551PID*F****STRAWBERRY 1.52PT(.72L) BNPO4**1*EAPO1*0040*12*EA*5.15**VP*610170*SK*610170*UP*703287101599PID*F****ANNUAL HALF FLAT 0.091QT(86.83ML)KWGPO4**1*EAPO1*0041*11*EA*7.4**VP*610643*SK*610643*UP*703287101667PID*F****ANNUAL FULL FLAT 3.38OZ(100ML)KWGPO4**1*EAPO1*0042*3*EA*9.75**VP*651881*SK*651881*UP*703287102626PID*F****AZALEA ENCORE 1GPO4**1*EAPO1*0043*4*EA*16.9**VP*707782*SK*707782*UP*703287107171PID*F****PROVEN WINNER SHRUB 3G BNPO4**1*EAPO1*0044*1*EA*2.95**VP*897201*SK*897201*UP*703287101506PID*F****VEGETABLE ASST 1.4QT (1.32L) BNPO4**1*EAPO1*0045*1*EA*4.85**VP*899643*SK*899643*UP*703287103166PID*F****AZALEA 1G BNPO4**1*EAPO1*0046*2*EA*7.5**VP*900006*SK*900006*UP*703287103203PID*F****AZALEA BLOOM N AGAIN 1G BNPO4**1*EAPO1*0047*5*EA*5.15**VP*900732*SK*900732*UP*703287103272PID*F****BUXUS BOXWOOD ASST 1G BNPO4**1*EAPO1*0048*1*EA*15.75**VP*905485*SK*905485*UP*703287105252PID*F****PRUNUS PEACH TREE DWARF 5G BNPO4**1*EAPO1*0049*1*EA*1.75**VP*929438*SK*929438*UP*703287102695PID*F****AFRICAN VIOLET 4IN (393ML/13.30FLOZ)PO4**1*EAPO1*0050*3*EA*4.85**VP*930564*SK*930564*UP*703287103890PID*F****ILEX HOLLY ASST 1G BNPO4**1*EAPO1*0051*2*EA*16.02**VP*943731*SK*943731*UP*703287104521PID*F****ROSE KNOCKOUT 3G BNPO4**1*EAPO1*0052*1*EA*18.59**VP*944490*SK*944490*UP*703287104644PID*F****PICEA DWF ALBERTA SPRUCE 3G BNPO4**1*EAPO1*0053*2*EA*19.9**VP*946602*SK*946602*UP*703287104811PID*F****TAXUS YEW ASST B/B BNPO4**1*EAPO1*0054*1*EA*11.5**VP*946734*SK*946734*UP*703287104309PID*F****PAEONIA PEONY 2G BNPO4**1*EAPO1*0055*10*EA*3**VP*957166*SK*957166*UP*703287101438PID*F****PROVEN WINNERS 4.5IN 1.31PT/619.8MLPO4**1*EAPO1*0056*1*EA*7.56**VP*991288*SK*991288*UP*703287106365PID*F****PERENNIAL PREM ASST 8IN (4.1QT/3.9L)PO4**1*EAPO1*0057*1*EA*8**VP*992112*SK*992112*UP*842276001578PID*F****VIVA! PERENNIALS 3.70QTPO4**1*EAPO1*0058*5*EA*12.5**VP*993202*SK*993202*UP*703287106457PID*F****ROSE NON PATENT 3G BNPO4**1*EACTT*58*569AMT*TT*2894.36SE*187*000098845ST*850*000098846BEG*00*CN*26067393**20080429*3626067393CUR*BY*USDDTM*038*20080502N1*OB**92*3626N3*2060 SKIBON4*FAYETTEVILLE*NC*28314REF*DP*028REF*3J*0001REF*MR*0000071643PO1*0001*1*EA*2.45**VP*172815*SK*172815*UP*010602020580PID*F****ANGEL PLANT 3.8INPO4**1*EAPO1*0002*1*EA*14.65**VP*210833*SK*210833*UP*703287102329PID*F****SHRUB ASST 3 BNPO4**1*EAPO1*0003*1*EA*59**VP*211968*SK*211968*UP*703287102398PID*F****SPECIMAN SHRUB 3 BNPO4**1*EAPO1*0004*17*EA*12**VP*230914*SK*230914*UP*703287106877PID*F****ACER JAP MAPLE 1G BNPO4**1*EAPO1*0005*1*EA*22.3**VP*231009*SK*231009*UP*703287106884PID*F****MAGNOLIA SAUCER 5G BNPO4**1*EAPO1*0006*1*EA*7.5**VP*272239*SK*272239*UP*703287107454PID*F****SUCCULENTS 6IN(1.5PT/700ML)BNPO4**1*EAPO1*0007*1*EA*4.25**VP*273082*SK*273082*UP*703287107478PID*F****FAIRY CASTLE 3.25"-8.2FL OZ/235ML BNPO4**1*EAPO1*0008*2*EA*4.6**VP*293033*SK*293033*UP*703287107034PID*F****RHAPHIPLEPSIS INDIAN HAWTHORNE 1G BNPO4**1*EAPO1*0009*6*EA*9.2**VP*293103*SK*293103*UP*703287107089PID*F****ILEX COMPACTA HOLLY LANDSCAPER 3G BNPO4**1*EAPO1*0010*3*EA*9.2**VP*293317*SK*293317*UP*703287107119PID*F****LIGUSTRUM RECURVE LANDSCAPER 3G BNPO4**1*EAPO1*0011*1*EA*9.2**VP*293344*SK*293344*UP*703287107126PID*F****CUPRESSOCYPARIS LEYLAND LANDSC 3G BNPO4**1*EAPO1*0012*9*EA*2.7**VP*307357*SK*307357*UP*094392363676PID*F****HOSTA QUARTPO4**1*EAPO1*0013*3*EA*5.75**VP*311002*SK*311002*UP*094392005231PID*F****LILIUM ASIATIC 3.70QTPO4**1*EAPO1*0014*1*EA*5.6**VP*315253*SK*315253*UP*094392009963PID*F****PERENNIAL 3.70QTPO4**1*EAPO1*0015*49*EA*3.75**VP*321759*SK*321759*UP*094392006047PID*F****PERENNIAL 2.75QTPO4**1*EAPO1*0016*26*EA*2.7**VP*322253*SK*322253*UP*094392005644PID*F****PERENNIAL 1.06QTPO4**1*EAPO1*0017*9*EA*2.7**VP*322257*SK*322257*UP*094392363737PID*F****GROUNDCOVER 1.06QTPO4**1*EAPO1*0018*14*EA*1.55**VP*322574*SK*322574*UP*094392363706PID*F****GROUNDCOVER 1.11PTPO4**1*EAPO1*0019*7*EA*2.1**VP*342318*SK*342318*UP*855511000182PID*F****PETUNIA WAVE 1 PINTPO4**1*EAPO1*0020*4*EA*17**VP*363673*SK*363673*UP*703287101704PID*F****HIBISCUS EXOTIC PERENNIAL 3G BNPO4**1*EAPO1*0021*4*EA*2.9**VP*447221*SK*447221*UP*048834111196PID*F****VIGORO SELECT PINT ANNUALPO4**1*EAPO1*0022*15*EA*2.9**VP*448075*SK*448075*UP*048834211124PID*F****VIGORO SELECT PINT ANNUALPO4**1*EAPO1*0023*3*EA*2.9**VP*452670*SK*452670*UP*048834511132PID*F****VIGORO 1PINT ANNUALPO4**1*EAPO1*0024*19*EA*5.9**VP*456422*SK*456422*UP*048834811126PID*F**** VIGORO SELECT GALLON ANNUALPO4**1*EAPO1*0025*13*EA*8.25**VP*470998*SK*470998*UP*724188002990PID*F****STRAW POT 6PKPO4**1*EAPO1*0026*7*EA*13.5**VP*549189*SK*549189*UP*703287100974PID*F****HIBISCUS BUSH PREM 2.33G (8.83L) BNPO4**1*EAPO1*0027*1*EA*15**VP*549690*SK*549690*UP*703287100202PID*F****TROPICAL PATIO 3G (11.35L) BNPO4**1*EAPO1*0028*7*EA*8.25**VP*553208*SK*553208*UP*703287101872PID*F****TROPICAL FOLIAGE PREM 6 BNPO4**1*EAPO1*0029*1*EA*12**VP*553437*SK*553437*UP*703287101933PID*F****TROPICAL FOLIAGE PREM 8 BNPO4**1*EAPO1*0030*5*EA*10.25**VP*553457*SK*553457*UP*703287101957PID*F****TROPICAL FOLIAGE PROMO 10 BNPO4**1*EAPO1*0031*2*EA*18.5**VP*553769*SK*553769*UP*703287101971PID*F****TROPICAL FOLIAGE PREM 10 BNPO4**1*EAPO1*0032*1*EA*25.5**VP*553997*SK*553997*UP*703287101988PID*F****TROPICAL FOLIAGE 10 ULTRA PREM BNPO4**1*EAPO1*0033*1*EA*33**VP*554879*SK*554879*UP*703287102008PID*F****TROPICAL FOLIAGE 14 PROMO BNPO4**1*EAPO1*0034*1*EA*79**VP*555869*SK*555869*UP*703287102053PID*F****TROPICAL FOLIAGE 17 PROMO BNPO4**1*EAPO1*0035*4*EA*9.8**VP*556570*SK*556570*UP*703287102114PID*F****HIBISCUS 7 BRAID BNPO4**1*EAPO1*0036*1*EA*5.75**VP*579507*SK*579507*UP*855511000359PID*F****PREMIUM COLOR VIVA! 2.5 QTPO4**1*EAPO1*0037*4*EA*3.6**VP*604260*SK*604260*UP*703287101155PID*F****PETUNIA WAVE 1.4QT(1.32L) BNPO4**1*EAPO1*0038*28*EA*8**VP*604327*SK*604327*UP*703287100080PID*F****FERN BOSTON 4.9QT(4.63L) BNPO4**1*EAPO1*0039*1*EA*5.6**VP*604358*SK*604358*UP*703287100257PID*F****CALADIUM 1.4QT(1.32L) BNPO4**1*EAPO1*0040*40*EA*2.85**VP*604366*SK*604366*UP*703287100127PID*F****GERBERA DAISY 1.39PT(.64L) BNPO4**1*EAPO1*0041*68*EA*.85**VP*604402*SK*604402*UP*703287100110PID*F****ANNUAL BEDDING PLANT .96PT(.45L) BNPO4**1*EAPO1*0042*12*EA*13.5**VP*604426*SK*604426*UP*703287101261PID*F****ANNUAL FIBER HB 1.34G(5.1L) BNPO4**1*EAPO1*0043*13*EA*1.65**VP*604429*SK*604429*UP*703287101605PID*F****ANNUAL ACCENT PLANT .96PT(.45L) BNPO4**1*EAPO1*0044*11*EA*5.9**VP*604493*SK*604493*UP*703287101537PID*F****ANNUAL SPECIALTY 2.6QT(2.46L)BNPO4**1*EAPO1*0045*44*EA*2.35**VP*604529*SK*604529*UP*725651500005PID*F****ANNUAL 1.4QT (1.32L) BNPO4**1*EAPO1*0046*3*EA*1.5**VP*604577*SK*604577*UP*703287101568PID*F****GROUND COVER .96PT(.45L) BNPO4**1*EAPO1*0047*8*EA*8.59**VP*604585*SK*604585*UP*703287100073PID*F****ANNUAL FLWG. PREM HB 4.9QT(4.63L) BNPO4**1*EAPO1*0048*24*EA*4.25**VP*604636*SK*604636*UP*703287100332PID*F****GERANIUM ZONAL 1.4QT(1.32L) BNPO4**1*EAPO1*0049*9*EA*5.15**VP*610170*SK*610170*UP*703287101599PID*F****ANNUAL HALF FLAT 0.091QT(86.83ML)KWGPO4**1*EAPO1*0050*25*EA*7.4**VP*610643*SK*610643*UP*703287101667PID*F****ANNUAL FULL FLAT 3.38OZ(100ML)KWGPO4**1*EAPO1*0051*1*EA*20**VP*642380*SK*642380*UP*703287102534PID*F****ORCHID PHALAENOPSIS 6IN BNPO4**1*EAPO1*0052*1*EA*9.75**VP*651881*SK*651881*UP*703287102626PID*F****AZALEA ENCORE 1GPO4**1*EAPO1*0053*1*EA*8.4**VP*651884*SK*651884*UP*703287101025PID*F****FLORAL INDOOR 6IN ASSTPO4**1*EAPO1*0054*1*EA*2.75**VP*711810*SK*711810*UP*092852000659PID*F****CACTUS SUCCULENT 4INPO4**1*EAPO1*0055*1*EA*9.35**VP*852938*SK*852938*UP*703287102985PID*F****ROSE PREMIUM 2G BNPO4**1*EAPO1*0056*4*EA*8.25**VP*872420*SK*872420*UP*094392364710PID*F****HOSTA ASSORTED 2GPO4**1*EAPO1*0057*4*EA*12.5**VP*872651*SK*872651*UP*094392364734PID*F****LILY ASI-FLORUM 10INPO4**1*EAPO1*0058*3*EA*5.35**VP*875187*SK*875187*UP*048834888869PID*F****VIGORO SELECT GALLON PERENNIALPO4**1*EAPO1*0059*1*EA*2.95**VP*897201*SK*897201*UP*703287101506PID*F****VEGETABLE ASST 1.4QT (1.32L) BNPO4**1*EAPO1*0060*8*EA*4.85**VP*899643*SK*899643*UP*703287103166PID*F****AZALEA 1G BNPO4**1*EAPO1*0061*1*EA*20**VP*910105*SK*910105*UP*703287105511PID*F****PYRUS FLOWERING PEAR ASST 7G BNPO4**1*EAPO1*0062*5*EA*1.75**VP*929438*SK*929438*UP*703287102695PID*F****AFRICAN VIOLET 4IN (393ML/13.30FLOZ)PO4**1*EAPO1*0063*8*EA*3.9**VP*932214*SK*932214*UP*703287104101PID*F****JUNIPER ASST 1G BNPO4**1*EAPO1*0064*2*EA*17.85**VP*932445*SK*932445*UP*703287104132PID*F****JUNIPER BLUE POINT 5G BNPO4**1*EAPO1*0065*3*EA*16.02**VP*943731*SK*943731*UP*703287104521PID*F****ROSE KNOCKOUT 3G BNPO4**1*EAPO1*0066*19*EA*3**VP*957166*SK*957166*UP*703287101438PID*F****PROVEN WINNERS 4.5IN 1.31PT/619.8MLPO4**1*EAPO1*0067*1*EA*7.75**VP*974806*SK*974806*UP*094392364888PID*F****CORDYLINE 2.75QTPO4**1*EAPO1*0068*5*EA*16.46**VP*992047*SK*992047*UP*703287106419PID*F****ROSE CLIMBING W/TRELLIS 3G BNPO4**1*EACTT*68*601AMT*TT*4136.34SE*217*000098846ST*850*000098847BEG*00*CN*27030455**20080429*3627030455CUR*BY*USDDTM*038*20080502N1*OB**92*3627N3*2771-T KIRKWOOD DRIVEN4*BURLINGTON*NC*27216REF*DP*028REF*3J*0001REF*MR*0000071643PO1*0001*2*EA*2.45**VP*172815*SK*172815*UP*010602020580PID*F****ANGEL PLANT 3.8INPO4**1*EAPO1*0002*2*EA*29**VP*211522*SK*211522*UP*703287102367PID*F****SHRUB ASST 7 BNPO4**1*EAPO1*0003*1*EA*59**VP*211968*SK*211968*UP*703287102398PID*F****SPECIMAN SHRUB 3 BNPO4**1*EAPO1*0004*3*EA*9.2**VP*293231*SK*293231*UP*703287107096PID*F****ILEX HELLERI HOLLY LANDSCAPER 3G BNPO4**1*EAPO1*0005*2*EA*9.2**VP*293344*SK*293344*UP*703287107126PID*F****CUPRESSOCYPARIS LEYLAND LANDSC 3G BNPO4**1*EAPO1*0006*22*EA*3.75**VP*321759*SK*321759*UP*094392006047PID*F****PERENNIAL 2.75QTPO4**1*EAPO1*0007*7*EA*2.7**VP*322253*SK*322253*UP*094392005644PID*F****PERENNIAL 1.06QTPO4**1*EAPO1*0008*8*EA*2.7**VP*322257*SK*322257*UP*094392363737PID*F****GROUNDCOVER 1.06QTPO4**1*EAPO1*0009*5*EA*1.55**VP*322574*SK*322574*UP*094392361658PID*F****GROUNDCOVER 1.11PTPO4**1*EAPO1*0010*11*EA*2.9**VP*448075*SK*448075*UP*048834211124PID*F****VIGORO SELECT PINT ANNUALPO4**1*EAPO1*0011*3*EA*8.25**VP*470998*SK*470998*UP*724188002990PID*F****STRAW POT 6PKPO4**1*EAPO1*0012*3*EA*13.5**VP*549189*SK*549189*UP*703287100974PID*F****HIBISCUS BUSH PREM 2.33G (8.83L) BNPO4**1*EAPO1*0013*3*EA*7.8**VP*550634*SK*550634*UP*703287100547PID*F****BEGONIA HIEMALIS 1.5QT (1.6L) BNPO4**1*EAPO1*0014*4*EA*10.25**VP*553457*SK*553457*UP*703287101957PID*F****TROPICAL FOLIAGE PROMO 10 BNPO4**1*EAPO1*0015*5*EA*8**VP*604327*SK*604327*UP*703287100080PID*F****FERN BOSTON 4.9QT(4.63L) BNPO4**1*EAPO1*0016*7*EA*2.85**VP*604366*SK*604366*UP*703287100127PID*F****GERBERA DAISY 1.39PT(.64L) BNPO4**1*EAPO1*0017*30*EA*.85**VP*604402*SK*604402*UP*703287100110PID*F****ANNUAL BEDDING PLANT .96PT(.45L) BNPO4**1*EAPO1*0018*9*EA*1.65**VP*604429*SK*604429*UP*703287101605PID*F****ANNUAL ACCENT PLANT .96PT(.45L) BNPO4**1*EAPO1*0019*1*EA*2.72**VP*604457*SK*604457*UP*643952343629PID*F****GERANIUM ZONAL 1.52PT(.72L) BNPO4**1*EAPO1*0020*20*EA*2.35**VP*604529*SK*604529*UP*725651500005PID*F****ANNUAL 1.4QT (1.32L) BNPO4**1*EAPO1*0021*1*EA*8.59**VP*604585*SK*604585*UP*703287100073PID*F****ANNUAL FLWG. PREM HB 4.9QT(4.63L) BNPO4**1*EAPO1*0022*5*EA*4.25**VP*604636*SK*604636*UP*703287100332PID*F****GERANIUM ZONAL 1.4QT(1.32L) BNPO4**1*EAPO1*0023*2*EA*5.15**VP*610170*SK*610170*UP*703287101599PID*F****ANNUAL HALF FLAT 0.091QT(86.83ML)KWGPO4**1*EAPO1*0024*2*EA*16.9**VP*707782*SK*707782*UP*703287107171PID*F****PROVEN WINNER SHRUB 3G BNPO4**1*EAPO1*0025*2*EA*16.3**VP*932709*SK*932709*UP*703287104187PID*F****KALMIA MTN LAUREL ASST 2G BNPO4**1*EAPO1*0026*1*EA*16.02**VP*943731*SK*943731*UP*703287104521PID*F****ROSE KNOCKOUT 3G BNPO4**1*EAPO1*0027*1*EA*7.75**VP*974806*SK*974806*UP*094392364888PID*F****CORDYLINE 2.75QTPO4**1*EAPO1*0028*1*EA*7.56**VP*991288*SK*991288*UP*703287106365PID*F****PERENNIAL PREM ASST 8IN (4.1QT/3.9L)PO4**1*EACTT*28*163AMT*TT*963.38SE*97*000098847ST*850*000098848BEG*00*CN*33004582**20080429*3633004582CUR*BY*USDDTM*038*20080502N1*OB**92*3633N3*2300 N MAINN4*HIGH POINT*NC*27265REF*DP*028REF*3J*0001REF*MR*0000071643PO1*0001*1*EA*122**VP*212059*SK*212059*UP*703287102411PID*F****SPECIMAN TREE 2 BNPO4**1*EAPO1*0002*3*EA*12**VP*230914*SK*230914*UP*703287106877PID*F****ACER JAP MAPLE 1G BNPO4**1*EAPO1*0003*3*EA*1.85**VP*243552*SK*243552*UP*725651600606PID*F****ANNUAL 1G VA GROWERS VMIPO4**1*EAPO1*0004*2*EA*9.2**VP*293317*SK*293317*UP*703287107119PID*F****LIGUSTRUM RECURVE LANDSCAPER 3G BNPO4**1*EAPO1*0005*1*EA*9.2**VP*293344*SK*293344*UP*703287107126PID*F****CUPRESSOCYPARIS LEYLAND LANDSC 3G BNPO4**1*EAPO1*0006*4*EA*5.6**VP*315253*SK*315253*UP*094392009963PID*F****PERENNIAL 3.70QTPO4**1*EAPO1*0007*2*EA*3.95**VP*319150*SK*319150*UP*094392002322PID*F****HOSTA 2.75QTPO4**1*EAPO1*0008*9*EA*3.75**VP*321759*SK*321759*UP*094392006047PID*F****PERENNIAL 2.75QTPO4**1*EAPO1*0009*18*EA*2.7**VP*322253*SK*322253*UP*094392005644PID*F****PERENNIAL 1.06QTPO4**1*EAPO1*0010*2*EA*1.55**VP*322574*SK*322574*UP*094392361658PID*F****GROUNDCOVER 1.11PTPO4**1*EAPO1*0011*4*EA*2.1**VP*342318*SK*342318*UP*855511000182PID*F****PETUNIA WAVE 1 PINTPO4**1*EAPO1*0012*7*EA*2.9**VP*447221*SK*447221*UP*048834111196PID*F****VIGORO SELECT PINT ANNUALPO4**1*EAPO1*0013*2*EA*2.9**VP*448075*SK*448075*UP*048834211124PID*F****VIGORO SELECT PINT ANNUALPO4**1*EAPO1*0014*1*EA*8.25**VP*470998*SK*470998*UP*724188002990PID*F****STRAW POT 6PKPO4**1*EAPO1*0015*6*EA*3.55**VP*548007*SK*548007*UP*703287101124PID*F****PERENNIAL .63G (2.38L) BNPO4**1*EAPO1*0016*1*EA*17**VP*549408*SK*549408*UP*703287101308PID*F****MANDEVILLA TRELLIS 2.33G (8.83L)BNPO4**1*EAPO1*0017*1*EA*8.25**VP*553208*SK*553208*UP*703287101872PID*F****TROPICAL FOLIAGE PREM 6 BNPO4**1*EAPO1*0018*1*EA*8**VP*553307*SK*553307*UP*703287101896PID*F****ANTHURIUM 6 BNPO4**1*EAPO1*0019*1*EA*12**VP*553437*SK*553437*UP*703287101933PID*F****TROPICAL FOLIAGE PREM 8 BNPO4**1*EAPO1*0020*1*EA*10.25**VP*553457*SK*553457*UP*703287101957PID*F****TROPICAL FOLIAGE PROMO 10 BNPO4**1*EAPO1*0021*2*EA*25.5**VP*553997*SK*553997*UP*703287101988PID*F****TROPICAL FOLIAGE 10 ULTRA PREM BNPO4**1*EAPO1*0022*1*EA*46**VP*554888*SK*554888*UP*703287102015PID*F****TROPICAL FOLIAGE 14 FANCY BNPO4**1*EAPO1*0023*1*EA*9.8**VP*556570*SK*556570*UP*703287102114PID*F****HIBISCUS 7 BRAID BNPO4**1*EAPO1*0024*13*EA*8**VP*604327*SK*604327*UP*703287100080PID*F****FERN BOSTON 4.9QT(4.63L) BNPO4**1*EAPO1*0025*6*EA*2.85**VP*604366*SK*604366*UP*703287100127PID*F****GERBERA DAISY 1.39PT(.64L) BNPO4**1*EAPO1*0026*26*EA*.85**VP*604402*SK*604402*UP*703287100110PID*F****ANNUAL BEDDING PLANT .96PT(.45L) BNPO4**1*EAPO1*0027*11*EA*2.35**VP*604529*SK*604529*UP*725651500005PID*F****ANNUAL 1.4QT (1.32L) BNPO4**1*EAPO1*0028*3*EA*18**VP*604542*SK*604542*UP*703287100585PID*F****ANNUAL COCO LINED HB 152OZ(4.5L)BNPO4**1*EAPO1*0029*5*EA*8.59**VP*604585*SK*604585*UP*703287100073PID*F****ANNUAL FLWG. PREM HB 4.9QT(4.63L) BNPO4**1*EAPO1*0030*14*EA*5.15**VP*610170*SK*610170*UP*703287101599PID*F****ANNUAL HALF FLAT 0.091QT(86.83ML)KWGPO4**1*EAPO1*0031*3*EA*7.4**VP*610643*SK*610643*UP*703287101667PID*F****ANNUAL FULL FLAT 3.38OZ(100ML)KWGPO4**1*EAPO1*0032*2*EA*20**VP*642380*SK*642380*UP*703287102534PID*F****ORCHID PHALAENOPSIS 6IN BNPO4**1*EAPO1*0033*2*EA*22**VP*651883*SK*651883*UP*703287102633PID*F****AZALEA ENCORE 3GPO4**1*EAPO1*0034*1*EA*16.9**VP*707782*SK*707782*UP*703287107171PID*F****PROVEN WINNER SHRUB 3G BNPO4**1*EAPO1*0035*1*EA*1.45**VP*818844*SK*818844*UP*703287107195PID*F****RAINBOW PACK 1.5"SLVD (.8FL OZ/25ML)PO4**1*EAPO1*0036*1*EA*4.6**VP*820093*SK*820093*UP*703287107249PID*F****GRAFTS 3.25"W/MYLAR(8.2FL OZ/235ML)PO4**1*EAPO1*0037*1*EA*4.85**VP*930564*SK*930564*UP*703287103890PID*F****ILEX HOLLY ASST 1G BNPO4**1*EAPO1*0038*1*EA*16.3**VP*932709*SK*932709*UP*703287104187PID*F****KALMIA MTN LAUREL ASST 2G BNPO4**1*EAPO1*0039*2*EA*16.02**VP*943731*SK*943731*UP*703287104521PID*F****ROSE KNOCKOUT 3G BNPO4**1*EAPO1*0040*1*EA*3**VP*957166*SK*957166*UP*703287101438PID*F****PROVEN WINNERS 4.5IN 1.31PT/619.8MLPO4**1*EAPO1*0041*3*EA*7.56**VP*991288*SK*991288*UP*703287106365PID*F****PERENNIAL PREM ASST 8IN (4.1QT/3.9L)PO4**1*EACTT*41*170AMT*TT*1396.51SE*136*000098848ST*850*000098849BEG*00*CN*41006687**20080429*3641006687CUR*BY*USDDTM*038*20080502N1*OB**92*3641N3*5721 UNIVERSITY PARKWAYN4*WINSTON SALEM*NC*27105REF*DP*028REF*3J*0001REF*MR*0000071643PO1*0001*1*EA*2.45**VP*172815*SK*172815*UP*715869380001PID*F****ANGEL PLANT 3.8INPO4**1*EAPO1*0002*1*EA*14.65**VP*210833*SK*210833*UP*703287102329PID*F****SHRUB ASST 3 BNPO4**1*EAPO1*0003*2*EA*9.2**VP*293069*SK*293069*UP*703287107065PID*F****AZALEA LANDSCAPER 3G BNPO4**1*EAPO1*0004*3*EA*2.7**VP*307357*SK*307357*UP*094392363676PID*F****HOSTA QUARTPO4**1*EAPO1*0005*1*EA*5.6**VP*315253*SK*315253*UP*094392009963PID*F****PERENNIAL 3.70QTPO4**1*EAPO1*0006*2*EA*3.75**VP*321759*SK*321759*UP*094392006047PID*F****PERENNIAL 2.75QTPO4**1*EAPO1*0007*6*EA*2.7**VP*322253*SK*322253*UP*094392005644PID*F****PERENNIAL 1.06QTPO4**1*EAPO1*0008*1*EA*1.55**VP*322574*SK*322574*UP*094392361658PID*F****GROUNDCOVER 1.11PTPO4**1*EAPO1*0009*12*EA*2.9**VP*448075*SK*448075*UP*048834211124PID*F****VIGORO SELECT PINT ANNUALPO4**1*EAPO1*0010*6*EA*5.9**VP*456422*SK*456422*UP*048834811126PID*F**** VIGORO SELECT GALLON ANNUALPO4**1*EAPO1*0011*7*EA*8.25**VP*470998*SK*470998*UP*724188002990PID*F****STRAW POT 6PKPO4**1*EAPO1*0012*2*EA*8**VP*553307*SK*553307*UP*703287101896PID*F****ANTHURIUM 6 BNPO4**1*EAPO1*0013*1*EA*12**VP*553437*SK*553437*UP*703287101933PID*F****TROPICAL FOLIAGE PREM 8 BNPO4**1*EAPO1*0014*3*EA*3.6**VP*604260*SK*604260*UP*703287101155PID*F****PETUNIA WAVE 1.4QT(1.32L) BNPO4**1*EAPO1*0015*1*EA*5.6**VP*604358*SK*604358*UP*703287100257PID*F****CALADIUM 1.4QT(1.32L) BNPO4**1*EAPO1*0016*17*EA*2.85**VP*604366*SK*604366*UP*703287100127PID*F****GERBERA DAISY 1.39PT(.64L) BNPO4**1*EAPO1*0017*1*EA*15**VP*604379*SK*604379*UP*693267300275PID*F****ANNUAL PATIO COLOR 3.4G(12.9L) BNPO4**1*EAPO1*0018*4*EA*3.85**VP*604422*SK*604422*UP*703287100776PID*F****IMPATIEN NEW GUINEA 1.4QT(1.32L) BNPO4**1*EAPO1*0019*19*EA*2.35**VP*604529*SK*604529*UP*725651500005PID*F****ANNUAL 1.4QT (1.32L) BNPO4**1*EAPO1*0020*38*EA*1.5**VP*604577*SK*604577*UP*703287101568PID*F****GROUND COVER .96PT(.45L) BNPO4**1*EAPO1*0021*1*EA*8.59**VP*604585*SK*604585*UP*703287100073PID*F****ANNUAL FLWG. PREM HB 4.9QT(4.63L) BNPO4**1*EAPO1*0022*5*EA*4.25**VP*604636*SK*604636*UP*703287100332PID*F****GERANIUM ZONAL 1.4QT(1.32L) BNPO4**1*EAPO1*0023*28*EA*5.15**VP*610170*SK*610170*UP*703287101599PID*F****ANNUAL HALF FLAT 0.091QT(86.83ML)KWGPO4**1*EAPO1*0024*4*EA*7.4**VP*610643*SK*610643*UP*703287101667PID*F****ANNUAL FULL FLAT 3.38OZ(100ML)KWGPO4**1*EAPO1*0025*1*EA*15.13**VP*857177*SK*857177*UP*703287106105PID*F****GARDENIA ASST 3G BNPO4**1*EAPO1*0026*1*EA*4.85**VP*899643*SK*899643*UP*703287103166PID*F****AZALEA 1G BNPO4**1*EAPO1*0027*7*EA*5.15**VP*900732*SK*900732*UP*703287103272PID*F****BUXUS BOXWOOD ASST 1G BNPO4**1*EAPO1*0028*1*EA*14.74**VP*905584*SK*905584*UP*703287105269PID*F****PYRUS PEAR TREE DWARF 5G BNPO4**1*EAPO1*0029*1*EA*3.9**VP*932214*SK*932214*UP*703287104101PID*F****JUNIPER ASST 1G BNPO4**1*EAPO1*0030*20*EA*5.3**VP*943038*SK*943038*UP*703287104439PID*F****RHODODENDRON ASST 1G BNPO4**1*EAPO1*0031*1*EA*12.85**VP*943137*SK*943137*UP*703287104446PID*F****RHODODENDRON ASST 2G BNPO4**1*EAPO1*0032*19*EA*3**VP*957166*SK*957166*UP*703287101438PID*F****PROVEN WINNERS 4.5IN 1.31PT/619.8MLPO4**1*EAPO1*0033*2*EA*7.75**VP*974806*SK*974806*UP*094392364888PID*F****CORDYLINE 2.75QTPO4**1*EAPO1*0034*2*EA*8**VP*992112*SK*992112*UP*842276001578PID*F****VIVA! PERENNIALS 3.70QTPO4**1*EACTT*34*221AMT*TT*1228.78SE*115*000098849ST*850*000098850BEG*00*CN*43037798**20080429*3643037798CUR*BY*USDDTM*038*20080502N1*OB**92*3643N3*717 THOMAS LANGSTON RDN4*WINTERVILLE*NC*28590REF*DP*028REF*3J*0001REF*MR*0000071643PO1*0001*1*EA*21.31**VP*205545*SK*205545*UP*703287101797PID*F****GIFT READY - GROUP F BNPO4**1*EAPO1*0002*1*EA*22**VP*211439*SK*211439*UP*703287102343PID*F****SHRUB ASST 5 BNPO4**1*EAPO1*0003*1*EA*12**VP*230914*SK*230914*UP*703287106877PID*F****ACER JAP MAPLE 1G BNPO4**1*EAPO1*0004*1*EA*3.75**VP*321759*SK*321759*UP*094392006047PID*F****PERENNIAL 2.75QTPO4**1*EAPO1*0005*4*EA*2.9**VP*447221*SK*447221*UP*048834111196PID*F****VIGORO SELECT PINT ANNUALPO4**1*EAPO1*0006*4*EA*2.9**VP*448075*SK*448075*UP*048834211124PID*F****VIGORO SELECT PINT ANNUALPO4**1*EAPO1*0007*5*EA*5.9**VP*456422*SK*456422*UP*048834811126PID*F**** VIGORO SELECT GALLON ANNUALPO4**1*EAPO1*0008*1*EA*13.5**VP*549189*SK*549189*UP*703287100974PID*F****HIBISCUS BUSH PREM 2.33G (8.83L) BNPO4**1*EAPO1*0009*3*EA*15**VP*549690*SK*549690*UP*703287100202PID*F****TROPICAL PATIO 3G (11.35L) BNPO4**1*EAPO1*0010*3*EA*26.5**VP*554809*SK*554809*UP*703287101995PID*F****TROPICAL FOLIAGE 12 PREM BNPO4**1*EAPO1*0011*2*EA*9.8**VP*556570*SK*556570*UP*703287102114PID*F****HIBISCUS 7 BRAID BNPO4**1*EAPO1*0012*19*EA*8**VP*604327*SK*604327*UP*703287100080PID*F****FERN BOSTON 4.9QT(4.63L) BNPO4**1*EAPO1*0013*24*EA*2.85**VP*604366*SK*604366*UP*703287100127PID*F****GERBERA DAISY 1.39PT(.64L) BNPO4**1*EAPO1*0014*42*EA*.85**VP*604402*SK*604402*UP*703287100110PID*F****ANNUAL BEDDING PLANT .96PT(.45L) BNPO4**1*EAPO1*0015*2*EA*3.85**VP*604422*SK*604422*UP*703287100776PID*F****IMPATIEN NEW GUINEA 1.4QT(1.32L) BNPO4**1*EAPO1*0016*30*EA*2.35**VP*604529*SK*604529*UP*725651500005PID*F****ANNUAL 1.4QT (1.32L) BNPO4**1*EAPO1*0017*2*EA*18**VP*604542*SK*604542*UP*703287100585PID*F****ANNUAL COCO LINED HB 152OZ(4.5L)BNPO4**1*EAPO1*0018*4*EA*8.59**VP*604585*SK*604585*UP*703287100073PID*F****ANNUAL FLWG. PREM HB 4.9QT(4.63L) BNPO4**1*EAPO1*0019*4*EA*4.25**VP*604636*SK*604636*UP*703287100332PID*F****GERANIUM ZONAL 1.4QT(1.32L) BNPO4**1*EAPO1*0020*10*EA*7.4**VP*610643*SK*610643*UP*703287101667PID*F****ANNUAL FULL FLAT 3.38OZ(100ML)KWGPO4**1*EAPO1*0021*4*EA*3**VP*886514*SK*886514PID*F****PROVEN WINNERS 4.5IN ANNUALPO4**1*EAPO1*0022*1*EA*5.15**VP*898257*SK*898257*UP*703287103029PID*F****ARBORVITAE EMERALD GREEN 1G BNPO4**1*EAPO1*0023*4*EA*17.16**VP*911854*SK*911854*UP*703287105665PID*F****PINE WHITE 3G BNPO4**1*EAPO1*0024*1*EA*12.5**VP*993202*SK*993202*UP*703287106457PID*F****ROSE NON PATENT 3G BNPO4**1*EACTT*24*173AMT*TT*1098.68SE*85*000098850ST*850*000098851BEG*00*CN*47053653**20080429*3647053653CUR*BY*USDDTM*038*20080502N1*OB**92*3647N3*11915 RETAIL DRIVEN4*WAKE FOREST*NC*27587REF*DP*028REF*3J*0001REF*MR*0000071643PO1*0001*1*EA*2.45**VP*172815*SK*172815*UP*715869380001PID*F****ANGEL PLANT 3.8INPO4**1*EAPO1*0002*1*EA*12**VP*230914*SK*230914*UP*703287106877PID*F****ACER JAP MAPLE 1G BNPO4**1*EAPO1*0003*1*EA*22.3**VP*231009*SK*231009*UP*703287106884PID*F****MAGNOLIA SAUCER 5G BNPO4**1*EAPO1*0004*1*EA*3.1**VP*273899*SK*273899*UP*703287107485PID*F****CACTUS GRAFTS (5.8FL OZ/16ML)BNPO4**1*EAPO1*0005*3*EA*4.6**VP*293033*SK*293033*UP*703287107034PID*F****RHAPHIPLEPSIS INDIAN HAWTHORNE 1G BNPO4**1*EAPO1*0006*6*EA*9.2**VP*293069*SK*293069*UP*703287107065PID*F****AZALEA LANDSCAPER 3G BNPO4**1*EAPO1*0007*8*EA*3.95**VP*319150*SK*319150*UP*094392002322PID*F****HOSTA 2.75QTPO4**1*EAPO1*0008*31*EA*3.75**VP*321759*SK*321759*UP*094392006047PID*F****PERENNIAL 2.75QTPO4**1*EAPO1*0009*2*EA*3.75**VP*321862*SK*321862*UP*094392003558PID*F****GROUNDCOVER 2.75QTPO4**1*EAPO1*0010*15*EA*2.7**VP*322257*SK*322257*UP*094392363737PID*F****GROUNDCOVER 1.06QTPO4**1*EAPO1*0011*2*EA*2.9**VP*447221*SK*447221*UP*048834111196PID*F****VIGORO SELECT PINT ANNUALPO4**1*EAPO1*0012*32*EA*2.9**VP*448075*SK*448075*UP*048834211124PID*F****VIGORO SELECT PINT ANNUALPO4**1*EAPO1*0013*7*EA*2.9**VP*452670*SK*452670*UP*048834511132PID*F****VIGORO 1PINT ANNUALPO4**1*EAPO1*0014*4*EA*5.9**VP*456422*SK*456422*UP*048834811126PID*F**** VIGORO SELECT GALLON ANNUALPO4**1*EAPO1*0015*1*EA*10.4**VP*518034*SK*518034*UP*703287102183PID*F****HOUSEPLANT 8 ANGEL HB BNPO4**1*EAPO1*0016*2*EA*3.55**VP*548007*SK*548007*UP*703287101124PID*F****PERENNIAL .63G (2.38L) BNPO4**1*EAPO1*0017*2*EA*13.5**VP*549189*SK*549189*UP*703287100974PID*F****HIBISCUS BUSH PREM 2.33G (8.83L) BNPO4**1*EAPO1*0018*1*EA*18**VP*549383*SK*549383*UP*703287100981PID*F****HIBISCUS STD PREM 3G (11.35L) BNPO4**1*EAPO1*0019*2*EA*17**VP*549408*SK*549408*UP*703287101308PID*F****MANDEVILLA TRELLIS 2.33G (8.83L)BNPO4**1*EAPO1*0020*1*EA*8**VP*553307*SK*553307*UP*703287101896PID*F****ANTHURIUM 6 BNPO4**1*EAPO1*0021*1*EA*12**VP*553437*SK*553437*UP*703287101933PID*F****TROPICAL FOLIAGE PREM 8 BNPO4**1*EAPO1*0022*5*EA*10.25**VP*553457*SK*553457*UP*703287101957PID*F****TROPICAL FOLIAGE PROMO 10 BNPO4**1*EAPO1*0023*1*EA*18.5**VP*553769*SK*553769*UP*703287101971PID*F****TROPICAL FOLIAGE PREM 10 BNPO4**1*EAPO1*0024*2*EA*9.8**VP*556570*SK*556570*UP*703287102114PID*F****HIBISCUS 7 BRAID BNPO4**1*EAPO1*0025*1*EA*3.6**VP*604260*SK*604260*UP*703287101155PID*F****PETUNIA WAVE 1.4QT(1.32L) BNPO4**1*EAPO1*0026*34*EA*8**VP*604327*SK*604327*UP*703287100080PID*F****FERN BOSTON 4.9QT(4.63L) BNPO4**1*EAPO1*0027*3*EA*2.85**VP*604366*SK*604366*UP*703287100127PID*F****GERBERA DAISY 1.39PT(.64L) BNPO4**1*EAPO1*0028*83*EA*.85**VP*604402*SK*604402*UP*703287100110PID*F****ANNUAL BEDDING PLANT .96PT(.45L) BNPO4**1*EAPO1*0029*11*EA*1.65**VP*604429*SK*604429*UP*703287101605PID*F****ANNUAL ACCENT PLANT .96PT(.45L) BNPO4**1*EAPO1*0030*2*EA*18.75**VP*604495*SK*604495*UP*703287100783PID*F****ANNUAL FESTIVAL POT 5.52G(20.9L) BNPO4**1*EAPO1*0031*10*EA*2.35**VP*604529*SK*604529*UP*725651500005PID*F****ANNUAL 1.4QT (1.32L) BNPO4**1*EAPO1*0032*1*EA*18**VP*604542*SK*604542*UP*703287100585PID*F****ANNUAL COCO LINED HB 152OZ(4.5L)BNPO4**1*EAPO1*0033*4*EA*8.59**VP*604585*SK*604585*UP*703287100073PID*F****ANNUAL FLWG. PREM HB 4.9QT(4.63L) BNPO4**1*EAPO1*0034*13*EA*4.25**VP*604636*SK*604636*UP*703287100332PID*F****GERANIUM ZONAL 1.4QT(1.32L) BNPO4**1*EAPO1*0035*6*EA*5**VP*609999*SK*609999*UP*703287101650PID*F****PANSY HALF FLAT .10QT(100ML)KWGPO4**1*EAPO1*0036*25*EA*5.15**VP*610170*SK*610170*UP*703287101599PID*F****ANNUAL HALF FLAT 0.091QT(86.83ML)KWGPO4**1*EAPO1*0037*8*EA*7.4**VP*610643*SK*610643*UP*703287101667PID*F****ANNUAL FULL FLAT 3.38OZ(100ML)KWGPO4**1*EAPO1*0038*8*EA*9.75**VP*651881*SK*651881*UP*703287102626PID*F****AZALEA ENCORE 1GPO4**1*EAPO1*0039*1*EA*4.85**VP*899643*SK*899643*UP*703287103166PID*F****AZALEA 1G BNPO4**1*EAPO1*0040*2*EA*5.15**VP*900732*SK*900732*UP*703287103272PID*F****BUXUS BOXWOOD ASST 1G BNPO4**1*EAPO1*0041*1*EA*15.75**VP*905485*SK*905485*UP*703287105252PID*F****PRUNUS PEACH TREE DWARF 5G BNPO4**1*EAPO1*0042*1*EA*14.74**VP*905584*SK*905584*UP*703287105269PID*F****PYRUS PEAR TREE DWARF 5G BNPO4**1*EAPO1*0043*22*EA*5.15**VP*928353*SK*928353*UP*703287103616PID*F****CUPRESSOCYPARIS LEYLAND 1G BNPO4**1*EAPO1*0044*5*EA*16.02**VP*943731*SK*943731*UP*703287104521PID*F****ROSE KNOCKOUT 3G BNPO4**1*EAPO1*0045*1*EA*11.5**VP*946734*SK*946734*UP*703287104309PID*F****PAEONIA PEONY 2G BNPO4**1*EAPO1*0046*1*EA*7.56**VP*991288*SK*991288*UP*703287106365PID*F****PERENNIAL PREM ASST 8IN (4.1QT/3.9L)PO4**1*EAPO1*0047*1*EA*11.1**VP*991849*SK*991849*UP*703287106396PID*F****RUBUS RASPBERRY 2G BNPO4**1*EAPO1*0048*1*EA*8**VP*993169*SK*993169*UP*703287106440PID*F****ROSE NONO PATENT 2G BNPO4**1*EACTT*48*377AMT*TT*2256.8SE*157*000098851ST*850*000098852BEG*00*CN*50018102**20080429*3650018102CUR*BY*USDDTM*038*20080502N1*OB**92*3650N3*5300 N CROATAN HWYN4*KITTY HAWK*NC*27949REF*DP*028REF*3J*0001REF*MR*0000071643PO1*0001*9*EA*12**VP*230914*SK*230914*UP*703287106877PID*F****ACER JAP MAPLE 1G BNPO4**1*EAPO1*0002*2*EA*9.2**VP*293069*SK*293069*UP*703287107065PID*F****AZALEA LANDSCAPER 3G BNPO4**1*EAPO1*0003*3*EA*9.2**VP*293103*SK*293103*UP*703287107089PID*F****ILEX COMPACTA HOLLY LANDSCAPER 3G BNPO4**1*EAPO1*0004*6*EA*5.75**VP*311002*SK*311002*UP*094392005231PID*F****LILIUM ASIATIC 3.70QTPO4**1*EAPO1*0005*78*EA*3.75**VP*321759*SK*321759*UP*094392006047PID*F****PERENNIAL 2.75QTPO4**1*EAPO1*0006*11*EA*3.75**VP*321862*SK*321862*UP*094392003558PID*F****GROUNDCOVER 2.75QTPO4**1*EAPO1*0007*8*EA*2.7**VP*322253*SK*322253*UP*094392005644PID*F****PERENNIAL 1.06QTPO4**1*EAPO1*0008*6*EA*1.55**VP*322574*SK*322574*UP*094392361658PID*F****GROUNDCOVER 1.11PTPO4**1*EAPO1*0009*36*EA*2.9**VP*447221*SK*447221*UP*048834111196PID*F****VIGORO SELECT PINT ANNUALPO4**1*EAPO1*0010*33*EA*2.9**VP*448075*SK*448075*UP*048834211124PID*F****VIGORO SELECT PINT ANNUALPO4**1*EAPO1*0011*39*EA*2.9**VP*452670*SK*452670*UP*048834511132PID*F****VIGORO 1PINT ANNUALPO4**1*EAPO1*0012*9*EA*5.9**VP*456114*SK*456114*UP*048834711136PID*F****VIGORO SELECT GALLON ANNUALPO4**1*EAPO1*0013*17*EA*5.9**VP*456333*SK*456333*UP*048834711174PID*F**** VIGORO SELECT GALLON ANNUALPO4**1*EAPO1*0014*1*EA*5.9**VP*456422*SK*456422*UP*048834811126PID*F**** VIGORO SELECT GALLON ANNUALPO4**1*EAPO1*0015*9*EA*8.25**VP*470998*SK*470998*UP*724188002990PID*F****STRAW POT 6PKPO4**1*EAPO1*0016*19*EA*3.55**VP*548007*SK*548007*UP*703287101124PID*F****PERENNIAL .63G (2.38L) BNPO4**1*EAPO1*0017*1*EA*7**VP*548361*SK*548361*UP*703287101117PID*F****PERENNIAL 1.66G (6.28L) BNPO4**1*EAPO1*0018*6*EA*13.5**VP*549189*SK*549189*UP*703287100974PID*F****HIBISCUS BUSH PREM 2.33G (8.83L) BNPO4**1*EAPO1*0019*1*EA*18**VP*549383*SK*549383*UP*703287100981PID*F****HIBISCUS STD PREM 3G (11.35L) BNPO4**1*EAPO1*0020*11*EA*17**VP*549408*SK*549408*UP*703287101308PID*F****MANDEVILLA TRELLIS 2.33G (8.83L)BNPO4**1*EAPO1*0021*3*EA*15**VP*549690*SK*549690*UP*703287100202PID*F****TROPICAL PATIO 3G (11.35L) BNPO4**1*EAPO1*0022*3*EA*8.25**VP*553208*SK*553208*UP*703287101872PID*F****TROPICAL FOLIAGE PREM 6 BNPO4**1*EAPO1*0023*3*EA*8**VP*553307*SK*553307*UP*703287101896PID*F****ANTHURIUM 6 BNPO4**1*EAPO1*0024*2*EA*12**VP*553437*SK*553437*UP*703287101933PID*F****TROPICAL FOLIAGE PREM 8 BNPO4**1*EAPO1*0025*2*EA*10.25**VP*553457*SK*553457*UP*703287101957PID*F****TROPICAL FOLIAGE PROMO 10 BNPO4**1*EAPO1*0026*2*EA*26.5**VP*554809*SK*554809*UP*703287101995PID*F****TROPICAL FOLIAGE 12 PREM BNPO4**1*EAPO1*0027*1*EA*46**VP*554888*SK*554888*UP*703287102015PID*F****TROPICAL FOLIAGE 14 FANCY BNPO4**1*EAPO1*0028*3*EA*53**VP*554959*SK*554959*UP*703287102022PID*F****TROPICAL FOLIAGE 14 GROUP 1 BNPO4**1*EAPO1*0029*4*EA*9.8**VP*556570*SK*556570*UP*703287102114PID*F****HIBISCUS 7 BRAID BNPO4**1*EAPO1*0030*12*EA*3.6**VP*604260*SK*604260*UP*703287101155PID*F****PETUNIA WAVE 1.4QT(1.32L) BNPO4**1*EAPO1*0031*60*EA*8**VP*604327*SK*604327*UP*703287100080PID*F****FERN BOSTON 4.9QT(4.63L) BNPO4**1*EAPO1*0032*39*EA*2.85**VP*604366*SK*604366*UP*703287100127PID*F****GERBERA DAISY 1.39PT(.64L) BNPO4**1*EAPO1*0033*101*EA*.85**VP*604402*SK*604402*UP*703287100110PID*F****ANNUAL BEDDING PLANT .96PT(.45L) BNPO4**1*EAPO1*0034*5*EA*13.5**VP*604426*SK*604426*UP*703287101261PID*F****ANNUAL FIBER HB 1.34G(5.1L) BNPO4**1*EAPO1*0035*9*EA*1.65**VP*604429*SK*604429*UP*703287101605PID*F****ANNUAL ACCENT PLANT .96PT(.45L) BNPO4**1*EAPO1*0036*14*EA*5.9**VP*604493*SK*604493*UP*703287101537PID*F****ANNUAL SPECIALTY 2.6QT(2.46L)BNPO4**1*EAPO1*0037*58*EA*2.35**VP*604529*SK*604529*UP*725651500005PID*F****ANNUAL 1.4QT (1.32L) BNPO4**1*EAPO1*0038*4*EA*18**VP*604542*SK*604542*UP*703287100585PID*F****ANNUAL COCO LINED HB 152OZ(4.5L)BNPO4**1*EAPO1*0039*10*EA*1.5**VP*604577*SK*604577*UP*703287101568PID*F****GROUND COVER .96PT(.45L) BNPO4**1*EAPO1*0040*10*EA*8.59**VP*604585*SK*604585*UP*703287100073PID*F****ANNUAL FLWG. PREM HB 4.9QT(4.63L) BNPO4**1*EAPO1*0041*22*EA*.85**VP*604602*SK*604602*UP*703287100721PID*F****PANSY .96PT(.45L) BNPO4**1*EAPO1*0042*6*EA*4.25**VP*604636*SK*604636*UP*703287100332PID*F****GERANIUM ZONAL 1.4QT(1.32L) BNPO4**1*EAPO1*0043*2*EA*9**VP*604661*SK*604661*UP*703287100301PID*F****SPECIAL PRICE 1- BELL NURSERYPO4**1*EAPO1*0044*3*EA*5**VP*604662*SK*604662*UP*703287100318PID*F****SPECIAL PRICE 2-BELL NURSERYPO4**1*EAPO1*0045*29*EA*5.15**VP*610170*SK*610170*UP*703287101599PID*F****ANNUAL HALF FLAT 0.091QT(86.83ML)KWGPO4**1*EAPO1*0046*13*EA*7.4**VP*610643*SK*610643*UP*703287101667PID*F****ANNUAL FULL FLAT 3.38OZ(100ML)KWGPO4**1*EAPO1*0047*8*EA*2.02**VP*617188*SK*617188*UP*703287100554PID*F****SPECIAL MARKDOWN SKU $2.67-BNPO4**1*EAPO1*0048*2*EA*20**VP*642380*SK*642380*UP*703287102534PID*F****ORCHID PHALAENOPSIS 6IN BNPO4**1*EAPO1*0049*2*EA*9.75**VP*651881*SK*651881*UP*703287102626PID*F****AZALEA ENCORE 1GPO4**1*EAPO1*0050*1*EA*8.4**VP*651884*SK*651884*UP*703287101025PID*F****FLORAL INDOOR 6IN ASSTPO4**1*EAPO1*0051*1*EA*11.1**VP*854900*SK*854900*UP*703287105955PID*F****VACCINIUM BLUEBERRY 2G BNPO4**1*EAPO1*0052*2*EA*15.13**VP*857177*SK*857177*UP*703287106105PID*F****GARDENIA ASST 3G BNPO4**1*EAPO1*0053*1*EA*11.1**VP*857276*SK*857276*UP*703287106129PID*F****VITIS GRAPES PREM 2G BNPO4**1*EAPO1*0054*5*EA*5.32**VP*858860*SK*858860*UP*703287106327PID*F****NANDINA FIREPOWER 1G BNPO4**1*EAPO1*0055*1*EA*7.5**VP*900006*SK*900006*UP*703287103203PID*F****AZALEA BLOOM N AGAIN 1G BNPO4**1*EAPO1*0056*4*EA*25.95**VP*903141*SK*903141*UP*703287103371PID*F****CAMELLIA SASANQUA 5G BNPO4**1*EAPO1*0057*3*EA*3.9**VP*932214*SK*932214*UP*703287104101PID*F****JUNIPER ASST 1G BNPO4**1*EAPO1*0058*1*EA*5.15**VP*942675*SK*942675*UP*703287104378PID*F****PINE MUGO 1G BNPO4**1*EAPO1*0059*10*EA*16.02**VP*943731*SK*943731*UP*703287104521PID*F****ROSE KNOCKOUT 3G BNPO4**1*EAPO1*0060*4*EA*3**VP*957166*SK*957166*UP*703287101438PID*F****PROVEN WINNERS 4.5IN 1.31PT/619.8MLPO4**1*EAPO1*0061*11*EA*7.56**VP*991288*SK*991288*UP*703287106365PID*F****PERENNIAL PREM ASST 8IN (4.1QT/3.9L)PO4**1*EACTT*61*781AMT*TT*5094.76SE*196*000098852ST*850*000098853BEG*00*CN*51019535**20080429*3651019535CUR*BY*USDDTM*038*20080502N1*OB**92*3651N3*2912 S ELM EUGENE STN4*GREENSBORO*NC*27406REF*DP*028REF*3J*0001REF*MR*0000071643PO1*0001*6*EA*12**VP*230914*SK*230914*UP*703287106877PID*F****ACER JAP MAPLE 1G BNPO4**1*EAPO1*0002*3*EA*9.2**VP*293231*SK*293231*UP*703287107096PID*F****ILEX HELLERI HOLLY LANDSCAPER 3G BNPO4**1*EAPO1*0003*1*EA*9.2**VP*293344*SK*293344*UP*703287107126PID*F****CUPRESSOCYPARIS LEYLAND LANDSC 3G BNPO4**1*EAPO1*0004*1*EA*2.7**VP*307357*SK*307357*UP*094392363676PID*F****HOSTA QUARTPO4**1*EAPO1*0005*1*EA*9**VP*310935*SK*310935*UP*094392350980PID*F****CLEMATIS W/ TRELLIS 2.75QTPO4**1*EAPO1*0006*15*EA*3.95**VP*319150*SK*319150*UP*094392002322PID*F****HOSTA 2.75QTPO4**1*EAPO1*0007*17*EA*3.75**VP*321759*SK*321759*UP*094392006047PID*F****PERENNIAL 2.75QTPO4**1*EAPO1*0008*12*EA*3.75**VP*321862*SK*321862*UP*094392003558PID*F****GROUNDCOVER 2.75QTPO4**1*EAPO1*0009*1*EA*2.7**VP*322253*SK*322253*UP*094392005644PID*F****PERENNIAL 1.06QTPO4**1*EAPO1*0010*3*EA*2.1**VP*342318*SK*342318*UP*855511000182PID*F****PETUNIA WAVE 1 PINTPO4**1*EAPO1*0011*4*EA*2.9**VP*448075*SK*448075*UP*048834211124PID*F****VIGORO SELECT PINT ANNUALPO4**1*EAPO1*0012*2*EA*2.9**VP*452670*SK*452670*UP*048834511132PID*F****VIGORO 1PINT ANNUALPO4**1*EAPO1*0013*1*EA*5.9**VP*456422*SK*456422*UP*048834811126PID*F**** VIGORO SELECT GALLON ANNUALPO4**1*EAPO1*0014*1*EA*7**VP*548361*SK*548361*UP*703287101117PID*F****PERENNIAL 1.66G (6.28L) BNPO4**1*EAPO1*0015*2*EA*13.5**VP*549189*SK*549189*UP*703287100974PID*F****HIBISCUS BUSH PREM 2.33G (8.83L) BNPO4**1*EAPO1*0016*1*EA*17**VP*549408*SK*549408*UP*703287101308PID*F****MANDEVILLA TRELLIS 2.33G (8.83L)BNPO4**1*EAPO1*0017*2*EA*10.25**VP*553457*SK*553457*UP*703287101957PID*F****TROPICAL FOLIAGE PROMO 10 BNPO4**1*EAPO1*0018*6*EA*3.6**VP*604260*SK*604260*UP*703287101155PID*F****PETUNIA WAVE 1.4QT(1.32L) BNPO4**1*EAPO1*0019*26*EA*8**VP*604327*SK*604327*UP*703287100080PID*F****FERN BOSTON 4.9QT(4.63L) BNPO4**1*EAPO1*0020*1*EA*2.85**VP*604366*SK*604366*UP*703287100127PID*F****GERBERA DAISY 1.39PT(.64L) BNPO4**1*EAPO1*0021*38*EA*.85**VP*604402*SK*604402*UP*703287100110PID*F****ANNUAL BEDDING PLANT .96PT(.45L) BNPO4**1*EAPO1*0022*2*EA*13.5**VP*604426*SK*604426*UP*703287101261PID*F****ANNUAL FIBER HB 1.34G(5.1L) BNPO4**1*EAPO1*0023*2*EA*1.65**VP*604429*SK*604429*UP*703287101605PID*F****ANNUAL ACCENT PLANT .96PT(.45L) BNPO4**1*EAPO1*0024*5*EA*2.35**VP*604529*SK*604529*UP*725651500005PID*F****ANNUAL 1.4QT (1.32L) BNPO4**1*EAPO1*0025*1*EA*18**VP*604542*SK*604542*UP*703287100585PID*F****ANNUAL COCO LINED HB 152OZ(4.5L)BNPO4**1*EAPO1*0026*4*EA*1.5**VP*604577*SK*604577*UP*703287101568PID*F****GROUND COVER .96PT(.45L) BNPO4**1*EAPO1*0027*1*EA*4.25**VP*604636*SK*604636*UP*703287100332PID*F****GERANIUM ZONAL 1.4QT(1.32L) BNPO4**1*EAPO1*0028*1*EA*5.15**VP*610170*SK*610170*UP*703287101599PID*F****ANNUAL HALF FLAT 0.091QT(86.83ML)KWGPO4**1*EAPO1*0029*5*EA*7.4**VP*610643*SK*610643*UP*703287101667PID*F****ANNUAL FULL FLAT 3.38OZ(100ML)KWGPO4**1*EAPO1*0030*1*EA*42.75**VP*898093*SK*898093*UP*703287105221PID*F****FRUIT TREES ASST PREM 10G BNPO4**1*EAPO1*0031*1*EA*17.16**VP*911854*SK*911854*UP*703287105665PID*F****PINE WHITE 3G BNPO4**1*EAPO1*0032*1*EA*10.5**VP*931917*SK*931917*UP*703287104040PID*F****HYDRANGEA HD EXCLUSIVE 8IN BNPO4**1*EAPO1*0033*4*EA*5.3**VP*943038*SK*943038*UP*703287104439PID*F****RHODODENDRON ASST 1G BNPO4**1*EAPO1*0034*4*EA*15**VP*944886*SK*944886*UP*703287104699PID*F****VIBURNUM ASST 3G BNPO4**1*EACTT*34*176AMT*TT*1141.79SE*115*000098853ST*850*000098854BEG*00*CN*52076263**20080429*3652076263CUR*BY*USDDTM*038*20080502N1*OB**92*3652N3*901 E BROAD STREETN4*FUQUAY VARINA*NC*27526REF*DP*028REF*3J*0001REF*MR*0000071643PO1*0001*4*EA*5.75**VP*169547*SK*169547*UP*842276000649PID*F****VIVA SUNPATIENS 2.5QT S1PO4**1*EAPO1*0002*2*EA*12**VP*230914*SK*230914*UP*703287106877PID*F****ACER JAP MAPLE 1G BNPO4**1*EAPO1*0003*1*EA*14.5**VP*292951*SK*292951*UP*703287107041PID*F****CLEYERA 3G BNPO4**1*EAPO1*0004*4*EA*2.7**VP*307357*SK*307357*UP*094392363676PID*F****HOSTA QUARTPO4**1*EAPO1*0005*2*EA*9**VP*310935*SK*310935*UP*094392350980PID*F****CLEMATIS W/ TRELLIS 2.75QTPO4**1*EAPO1*0006*18*EA*3.75**VP*321759*SK*321759*UP*094392006047PID*F****PERENNIAL 2.75QTPO4**1*EAPO1*0007*2*EA*3.75**VP*321862*SK*321862*UP*094392003558PID*F****GROUNDCOVER 2.75QTPO4**1*EAPO1*0008*3*EA*2.7**VP*322257*SK*322257*UP*094392363737PID*F****GROUNDCOVER 1.06QTPO4**1*EAPO1*0009*16*EA*1.55**VP*322574*SK*322574*UP*094392361658PID*F****GROUNDCOVER 1.11PTPO4**1*EAPO1*0010*2*EA*2.1**VP*342318*SK*342318*UP*855511000182PID*F****PETUNIA WAVE 1 PINTPO4**1*EAPO1*0011*5*EA*2.9**VP*447221*SK*447221*UP*048834111196PID*F****VIGORO SELECT PINT ANNUALPO4**1*EAPO1*0012*12*EA*2.9**VP*448075*SK*448075*UP*048834211124PID*F****VIGORO SELECT PINT ANNUALPO4**1*EAPO1*0013*6*EA*5.9**VP*456422*SK*456422*UP*048834811126PID*F**** VIGORO SELECT GALLON ANNUALPO4**1*EAPO1*0014*5*EA*8.25**VP*470998*SK*470998*UP*724188002990PID*F****STRAW POT 6PKPO4**1*EAPO1*0015*2*EA*3.55**VP*548007*SK*548007*UP*703287101124PID*F****PERENNIAL .63G (2.38L) BNPO4**1*EAPO1*0016*2*EA*13.5**VP*549189*SK*549189*UP*703287100974PID*F****HIBISCUS BUSH PREM 2.33G (8.83L) BNPO4**1*EAPO1*0017*2*EA*17**VP*549408*SK*549408*UP*703287101308PID*F****MANDEVILLA TRELLIS 2.33G (8.83L)BNPO4**1*EAPO1*0018*2*EA*8**VP*553307*SK*553307*UP*703287101896PID*F****ANTHURIUM 6 BNPO4**1*EAPO1*0019*3*EA*10.25**VP*553457*SK*553457*UP*703287101957PID*F****TROPICAL FOLIAGE PROMO 10 BNPO4**1*EAPO1*0020*56*EA*8**VP*604327*SK*604327*UP*703287100080PID*F****FERN BOSTON 4.9QT(4.63L) BNPO4**1*EAPO1*0021*1*EA*5.6**VP*604358*SK*604358*UP*703287100257PID*F****CALADIUM 1.4QT(1.32L) BNPO4**1*EAPO1*0022*24*EA*2.85**VP*604366*SK*604366*UP*703287100127PID*F****GERBERA DAISY 1.39PT(.64L) BNPO4**1*EAPO1*0023*65*EA*.85**VP*604402*SK*604402*UP*703287100110PID*F****ANNUAL BEDDING PLANT .96PT(.45L) BNPO4**1*EAPO1*0024*22*EA*2.35**VP*604529*SK*604529*UP*725651500005PID*F****ANNUAL 1.4QT (1.32L) BNPO4**1*EAPO1*0025*3*EA*18**VP*604542*SK*604542*UP*703287100585PID*F****ANNUAL COCO LINED HB 152OZ(4.5L)BNPO4**1*EAPO1*0026*2*EA*1.5**VP*604577*SK*604577*UP*703287101568PID*F****GROUND COVER .96PT(.45L) BNPO4**1*EAPO1*0027*1*EA*8.59**VP*604585*SK*604585*UP*703287100073PID*F****ANNUAL FLWG. PREM HB 4.9QT(4.63L) BNPO4**1*EAPO1*0028*13*EA*4.25**VP*604636*SK*604636*UP*703287100332PID*F****GERANIUM ZONAL 1.4QT(1.32L) BNPO4**1*EAPO1*0029*11*EA*5.15**VP*610170*SK*610170*UP*703287101599PID*F****ANNUAL HALF FLAT 0.091QT(86.83ML)KWGPO4**1*EAPO1*0030*2*EA*7.4**VP*610643*SK*610643*UP*703287101667PID*F****ANNUAL FULL FLAT 3.38OZ(100ML)KWGPO4**1*EAPO1*0031*1*EA*4.35**VP*651895*SK*651895*UP*703287101049PID*F****FLORAL INDOOR 4.5IN ASST BNPO4**1*EAPO1*0032*1*EA*16.9**VP*707782*SK*707782*UP*703287107171PID*F****PROVEN WINNER SHRUB 3G BNPO4**1*EAPO1*0033*2*EA*22.41**VP*855395*SK*855395*UP*703287105986PID*F****BUXUS SUFFRUTICOSA BOXWOOD 5G  BNPO4**1*EAPO1*0034*1*EA*4.85**VP*899643*SK*899643*UP*703287103166PID*F****AZALEA 1G BNPO4**1*EAPO1*0035*11*EA*5.15**VP*900732*SK*900732*UP*703287103272PID*F****BUXUS BOXWOOD ASST 1G BNPO4**1*EAPO1*0036*1*EA*30.9**VP*901162*SK*901162*UP*703287104972PID*F****PRUNUS FLOWERING CHERRY ASST 7G BNPO4**1*EAPO1*0037*1*EA*1.75**VP*929438*SK*929438*UP*703287102695PID*F****AFRICAN VIOLET 4IN (393ML/13.30FLOZ)PO4**1*EAPO1*0038*2*EA*10.5**VP*931917*SK*931917*UP*703287104040PID*F****HYDRANGEA HD EXCLUSIVE 8IN BNPO4**1*EAPO1*0039*3*EA*3.9**VP*932214*SK*932214*UP*703287104101PID*F****JUNIPER ASST 1G BNPO4**1*EAPO1*0040*1*EA*22.25**VP*946503*SK*946503*UP*703287104804PID*F****WISTERIA STAKED 5G BNPO4**1*EAPO1*0041*2*EA*3**VP*957166*SK*957166*UP*703287101438PID*F****PROVEN WINNERS 4.5IN 1.31PT/619.8MLPO4**1*EAPO1*0042*1*EA*7.75**VP*974806*SK*974806*UP*094392364888PID*F****CORDYLINE 2.75QTPO4**1*EAPO1*0043*1*EA*7.56**VP*991288*SK*991288*UP*703287106365PID*F****PERENNIAL PREM ASST 8IN (4.1QT/3.9L)PO4**1*EACTT*43*321AMT*TT*1850.76SE*142*000098854ST*850*000098855BEG*00*CN*54048074**20080429*3654048074CUR*BY*USDDTM*038*20080502N1*OB**92*3654N3*950 HOME DEPOT PLAZAN4*ROCKY MOUNT*NC*27804REF*DP*028REF*3J*0001REF*MR*0000071643PO1*0001*6*EA*12**VP*230914*SK*230914*UP*703287106877PID*F****ACER JAP MAPLE 1G BNPO4**1*EAPO1*0002*1*EA*5.75**VP*311002*SK*311002*UP*094392005231PID*F****LILIUM ASIATIC 3.70QTPO4**1*EAPO1*0003*7*EA*3.75**VP*321759*SK*321759*UP*094392006047PID*F****PERENNIAL 2.75QTPO4**1*EAPO1*0004*7*EA*2.7**VP*322253*SK*322253*UP*094392005644PID*F****PERENNIAL 1.06QTPO4**1*EAPO1*0005*1*EA*2.9**VP*448075*SK*448075*UP*048834211124PID*F****VIGORO SELECT PINT ANNUALPO4**1*EAPO1*0006*1*EA*8.25**VP*470998*SK*470998*UP*724188002990PID*F****STRAW POT 6PKPO4**1*EAPO1*0007*2*EA*10.25**VP*553457*SK*553457*UP*703287101957PID*F****TROPICAL FOLIAGE PROMO 10 BNPO4**1*EAPO1*0008*20*EA*2.85**VP*604366*SK*604366*UP*703287100127PID*F****GERBERA DAISY 1.39PT(.64L) BNPO4**1*EAPO1*0009*27*EA*.85**VP*604402*SK*604402*UP*703287100110PID*F****ANNUAL BEDDING PLANT .96PT(.45L) BNPO4**1*EAPO1*0010*1*EA*13.5**VP*604426*SK*604426*UP*703287101261PID*F****ANNUAL FIBER HB 1.34G(5.1L) BNPO4**1*EAPO1*0011*27*EA*2.35**VP*604529*SK*604529*UP*725651500005PID*F****ANNUAL 1.4QT (1.32L) BNPO4**1*EAPO1*0012*1*EA*8.59**VP*604585*SK*604585*UP*703287100073PID*F****ANNUAL FLWG. PREM HB 4.9QT(4.63L) BNPO4**1*EAPO1*0013*2*EA*5**VP*609999*SK*609999*UP*703287101650PID*F****PANSY HALF FLAT .10QT(100ML)KWGPO4**1*EAPO1*0014*1*EA*7.4**VP*610643*SK*610643*UP*703287101667PID*F****ANNUAL FULL FLAT 3.38OZ(100ML)KWGPO4**1*EAPO1*0015*2*EA*5.32**VP*858860*SK*858860*UP*703287106327PID*F****NANDINA FIREPOWER 1G BNPO4**1*EAPO1*0016*1*EA*10.5**VP*931917*SK*931917*UP*703287104040PID*F****HYDRANGEA HD EXCLUSIVE 8IN BNPO4**1*EACTT*16*107AMT*TT*461.25SE*61*000098855ST*850*000098856BEG*00*CN*61094615**20080429*3661094615CUR*BY*USDDTM*038*20080502N1*OB**92*3661N3*625 HAMPTON POINT BLVDN4*HILLSBOROUGH*NC*27278REF*DP*028REF*3J*0001REF*MR*0000071643PO1*0001*1*EA*36.5**VP*211887*SK*211887*UP*703287102374PID*F****SPECIMAN SHRUB 1 BNPO4**1*EAPO1*0002*3*EA*12**VP*230914*SK*230914*UP*703287106877PID*F****ACER JAP MAPLE 1G BNPO4**1*EAPO1*0003*5*EA*2.7**VP*307357*SK*307357*UP*094392363676PID*F****HOSTA QUARTPO4**1*EAPO1*0004*4*EA*3.95**VP*319150*SK*319150*UP*094392002322PID*F****HOSTA 2.75QTPO4**1*EAPO1*0005*10*EA*3.75**VP*321759*SK*321759*UP*094392006047PID*F****PERENNIAL 2.75QTPO4**1*EAPO1*0006*6*EA*2.9**VP*452670*SK*452670*UP*048834511132PID*F****VIGORO 1PINT ANNUALPO4**1*EAPO1*0007*4*EA*8.25**VP*470998*SK*470998*UP*724188002990PID*F****STRAW POT 6PKPO4**1*EAPO1*0008*9*EA*7.8**VP*550634*SK*550634*UP*703287100547PID*F****BEGONIA HIEMALIS 1.5QT (1.6L) BNPO4**1*EAPO1*0009*2*EA*8.25**VP*553208*SK*553208*UP*703287101872PID*F****TROPICAL FOLIAGE PREM 6 BNPO4**1*EAPO1*0010*1*EA*12**VP*553437*SK*553437*UP*703287101933PID*F****TROPICAL FOLIAGE PREM 8 BNPO4**1*EAPO1*0011*1*EA*9.9**VP*553451*SK*553451*UP*703287101940PID*F****TROPICAL FOLIAGE HB 8 BNPO4**1*EAPO1*0012*2*EA*18.5**VP*553769*SK*553769*UP*703287101971PID*F****TROPICAL FOLIAGE PREM 10 BNPO4**1*EAPO1*0013*3*EA*3.6**VP*604260*SK*604260*UP*703287101155PID*F****PETUNIA WAVE 1.4QT(1.32L) BNPO4**1*EAPO1*0014*12*EA*8**VP*604327*SK*604327*UP*703287100080PID*F****FERN BOSTON 4.9QT(4.63L) BNPO4**1*EAPO1*0015*1*EA*5.6**VP*604358*SK*604358*UP*703287100257PID*F****CALADIUM 1.4QT(1.32L) BNPO4**1*EAPO1*0016*3*EA*2.85**VP*604366*SK*604366*UP*703287100127PID*F****GERBERA DAISY 1.39PT(.64L) BNPO4**1*EAPO1*0017*2*EA*15**VP*604379*SK*604379*UP*703287101360PID*F****ANNUAL PATIO COLOR 3.4G(12.9L) BNPO4**1*EAPO1*0018*3*EA*.85**VP*604402*SK*604402*UP*703287100110PID*F****ANNUAL BEDDING PLANT .96PT(.45L) BNPO4**1*EAPO1*0019*3*EA*1.65**VP*604429*SK*604429*UP*703287101605PID*F****ANNUAL ACCENT PLANT .96PT(.45L) BNPO4**1*EAPO1*0020*3*EA*2.35**VP*604529*SK*604529*UP*725651500005PID*F****ANNUAL 1.4QT (1.32L) BNPO4**1*EAPO1*0021*1*EA*1.5**VP*604577*SK*604577*UP*703287101568PID*F****GROUND COVER .96PT(.45L) BNPO4**1*EAPO1*0022*8*EA*4.25**VP*604636*SK*604636*UP*703287100332PID*F****GERANIUM ZONAL 1.4QT(1.32L) BNPO4**1*EAPO1*0023*2*EA*5.15**VP*610170*SK*610170*UP*703287101599PID*F****ANNUAL HALF FLAT 0.091QT(86.83ML)KWGPO4**1*EAPO1*0024*9*EA*7.4**VP*610643*SK*610643*UP*703287101667PID*F****ANNUAL FULL FLAT 3.38OZ(100ML)KWGPO4**1*EAPO1*0025*1*EA*15**VP*858332*SK*858332*UP*703287106266PID*F****ACTINDIA KIWI 2G BNPO4**1*EAPO1*0026*7*EA*4.85**VP*899643*SK*899643*UP*703287103166PID*F****AZALEA 1G BNPO4**1*EAPO1*0027*1*EA*27.74**VP*909676*SK*909676*UP*703287105504PID*F****QUERCUS PIN OAK 7G BNPO4**1*EAPO1*0028*2*EA*3.9**VP*932214*SK*932214*UP*703287104101PID*F****JUNIPER ASST 1G BNPO4**1*EAPO1*0029*2*EA*16.3**VP*944127*SK*944127*UP*703287104583PID*F****SPIREA ASST 3G BNPO4**1*EAPO1*0030*1*EA*27.25**VP*944523*SK*944523*UP*703287104651PID*F****PICEA DWF ALBERTA SPRUCE 5G BNPO4**1*EAPO1*0031*1*EA*11.1**VP*991849*SK*991849*UP*703287106396PID*F****RUBUS RASPBERRY 2G BNPO4**1*EAPO1*0032*2*EA*8**VP*993169*SK*993169*UP*703287106440PID*F****ROSE NONO PATENT 2G BNPO4**1*EACTT*32*115AMT*TT*995.75SE*109*000098856ST*850*000098857BEG*00*CN*63068041**20080429*3663068041CUR*BY*USDDTM*038*20080502N1*OB**92*3663N3*1020 SHOPPS AT MIDWAYN4*KNIGHTDALE*NC*27545REF*DP*028REF*3J*0001REF*MR*0000071643PO1*0001*4*EA*12**VP*230914*SK*230914*UP*703287106877PID*F****ACER JAP MAPLE 1G BNPO4**1*EAPO1*0002*2*EA*6.3**VP*282124*SK*282124*UP*094392363584PID*F****SALVIA MAY NIGHT 5.56LPO4**1*EAPO1*0003*2*EA*9.2**VP*293069*SK*293069*UP*703287107065PID*F****AZALEA LANDSCAPER 3G BNPO4**1*EAPO1*0004*4*EA*3.95**VP*319150*SK*319150*UP*094392002322PID*F****HOSTA 2.75QTPO4**1*EAPO1*0005*2*EA*3.75**VP*321759*SK*321759*UP*094392006047PID*F****PERENNIAL 2.75QTPO4**1*EAPO1*0006*2*EA*1.55**VP*322574*SK*322574*UP*094392363706PID*F****GROUNDCOVER 1.11PTPO4**1*EAPO1*0007*17*EA*2.9**VP*448075*SK*448075*UP*048834211124PID*F****VIGORO SELECT PINT ANNUALPO4**1*EAPO1*0008*2*EA*2.9**VP*452670*SK*452670*UP*048834511132PID*F****VIGORO 1PINT ANNUALPO4**1*EAPO1*0009*2*EA*8.25**VP*553208*SK*553208*UP*703287101872PID*F****TROPICAL FOLIAGE PREM 6 BNPO4**1*EAPO1*0010*1*EA*8**VP*553307*SK*553307*UP*703287101896PID*F****ANTHURIUM 6 BNPO4**1*EAPO1*0011*1*EA*18.5**VP*553769*SK*553769*UP*703287101971PID*F****TROPICAL FOLIAGE PREM 10 BNPO4**1*EAPO1*0012*6*EA*3.6**VP*604260*SK*604260*UP*703287101155PID*F****PETUNIA WAVE 1.4QT(1.32L) BNPO4**1*EAPO1*0013*11*EA*8**VP*604327*SK*604327*UP*703287100080PID*F****FERN BOSTON 4.9QT(4.63L) BNPO4**1*EAPO1*0014*3*EA*.85**VP*604402*SK*604402*UP*703287100110PID*F****ANNUAL BEDDING PLANT .96PT(.45L) BNPO4**1*EAPO1*0015*2*EA*1.65**VP*604429*SK*604429*UP*703287101605PID*F****ANNUAL ACCENT PLANT .96PT(.45L) BNPO4**1*EAPO1*0016*11*EA*2.35**VP*604529*SK*604529*UP*725651500005PID*F****ANNUAL 1.4QT (1.32L) BNPO4**1*EAPO1*0017*1*EA*8.59**VP*604585*SK*604585*UP*703287100073PID*F****ANNUAL FLWG. PREM HB 4.9QT(4.63L) BNPO4**1*EAPO1*0018*1*EA*5.15**VP*610170*SK*610170*UP*703287101599PID*F****ANNUAL HALF FLAT 0.091QT(86.83ML)KWGPO4**1*EAPO1*0019*3*EA*7.4**VP*610643*SK*610643*UP*703287101667PID*F****ANNUAL FULL FLAT 3.38OZ(100ML)KWGPO4**1*EAPO1*0020*1*EA*2.95**VP*897201*SK*897201*UP*703287101506PID*F****VEGETABLE ASST 1.4QT (1.32L) BNPO4**1*EAPO1*0021*1*EA*5.3**VP*943038*SK*943038*UP*703287104439PID*F****RHODODENDRON ASST 1G BNPO4**1*EAPO1*0022*6*EA*16.02**VP*943731*SK*943731*UP*703287104521PID*F****ROSE KNOCKOUT 3G BNPO4**1*EACTT*22*85AMT*TT*596.03SE*79*000098857ST*850*000098893BEG*00*CN*13013243**20080429*4613013243CUR*BY*USDDTM*038*20080502N1*OB**92*4613N3*325 CHATHAM ROADN4*NEWPORT NEWS*VA*23602REF*DP*028REF*3J*0001REF*MR*0000071643PO1*0001*2*EA*2.45**VP*172815*SK*172815*UP*715869300030PID*F****ANGEL PLANT 3.8INPO4**1*EAPO1*0002*1*EA*21.31**VP*205545*SK*205545*UP*703287101797PID*F****GIFT READY - GROUP F BNPO4**1*EAPO1*0003*2*EA*18.25**VP*210966*SK*210966*UP*703287102336PID*F****SHRUB ASST 4 BNPO4**1*EAPO1*0004*1*EA*22**VP*211439*SK*211439*UP*703287102343PID*F****SHRUB ASST 5 BNPO4**1*EAPO1*0005*3*EA*12**VP*230914*SK*230914*UP*703287106877PID*F****ACER JAP MAPLE 1G BNPO4**1*EAPO1*0006*7*EA*4.6**VP*293033*SK*293033*UP*703287107034PID*F****RHAPHIPLEPSIS INDIAN HAWTHORNE 1G BNPO4**1*EAPO1*0007*2*EA*9.2**VP*293069*SK*293069*UP*703287107065PID*F****AZALEA LANDSCAPER 3G BNPO4**1*EAPO1*0008*1*EA*5.75**VP*315216*SK*315216*UP*094392006238PID*F****ORNAMENTAL GRASS 3.70QTPO4**1*EAPO1*0009*5*EA*3.95**VP*319150*SK*319150*UP*094392002322PID*F****HOSTA 2.75QTPO4**1*EAPO1*0010*27*EA*3.75**VP*321759*SK*321759*UP*094392006047PID*F****PERENNIAL 2.75QTPO4**1*EAPO1*0011*3*EA*3.75**VP*321862*SK*321862*UP*094392003558PID*F****GROUNDCOVER 2.75QTPO4**1*EAPO1*0012*2*EA*2.7**VP*322253*SK*322253*UP*094392005644PID*F****PERENNIAL 1.06QTPO4**1*EAPO1*0013*3*EA*2.7**VP*322257*SK*322257*UP*094392363737PID*F****GROUNDCOVER 1.06QTPO4**1*EAPO1*0014*7*EA*1.55**VP*322574*SK*322574*UP*094392363706PID*F****GROUNDCOVER 1.11PTPO4**1*EAPO1*0015*5*EA*2.1**VP*342318*SK*342318*UP*855511000182PID*F****PETUNIA WAVE 1 PINTPO4**1*EAPO1*0016*1*EA*17**VP*363673*SK*363673*UP*703287101704PID*F****HIBISCUS EXOTIC PERENNIAL 3G BNPO4**1*EAPO1*0017*5*EA*2.9**VP*447221*SK*447221*UP*048834111196PID*F****VIGORO SELECT PINT ANNUALPO4**1*EAPO1*0018*35*EA*2.9**VP*448075*SK*448075*UP*048834211124PID*F****VIGORO SELECT PINT ANNUALPO4**1*EAPO1*0019*12*EA*2.9**VP*452670*SK*452670*UP*048834511132PID*F****VIGORO 1PINT ANNUALPO4**1*EAPO1*0020*4*EA*5.9**VP*456422*SK*456422*UP*048834811126PID*F**** VIGORO SELECT GALLON ANNUALPO4**1*EAPO1*0021*2*EA*8.25**VP*470998*SK*470998*UP*724188002990PID*F****STRAW POT 6PKPO4**1*EAPO1*0022*1*EA*10.4**VP*518034*SK*518034*UP*703287102183PID*F****HOUSEPLANT 8 ANGEL HB BNPO4**1*EAPO1*0023*6*EA*17**VP*549408*SK*549408*UP*703287101308PID*F****MANDEVILLA TRELLIS 2.33G (8.83L)BNPO4**1*EAPO1*0024*6*EA*8.25**VP*553208*SK*553208*UP*703287101872PID*F****TROPICAL FOLIAGE PREM 6 BNPO4**1*EAPO1*0025*1*EA*12**VP*553437*SK*553437*UP*703287101933PID*F****TROPICAL FOLIAGE PREM 8 BNPO4**1*EAPO1*0026*2*EA*9.8**VP*556570*SK*556570*UP*703287102114PID*F****HIBISCUS 7 BRAID BNPO4**1*EAPO1*0027*8*EA*3.6**VP*604260*SK*604260*UP*703287101155PID*F****PETUNIA WAVE 1.4QT(1.32L) BNPO4**1*EAPO1*0028*28*EA*8**VP*604327*SK*604327*UP*703287100080PID*F****FERN BOSTON 4.9QT(4.63L) BNPO4**1*EAPO1*0029*8*EA*2.85**VP*604366*SK*604366*UP*703287100127PID*F****GERBERA DAISY 1.39PT(.64L) BNPO4**1*EAPO1*0030*2*EA*15**VP*604379*SK*604379*UP*703287101360PID*F****ANNUAL PATIO COLOR 3.4G(12.9L) BNPO4**1*EAPO1*0031*36*EA*.85**VP*604402*SK*604402*UP*703287100110PID*F****ANNUAL BEDDING PLANT .96PT(.45L) BNPO4**1*EAPO1*0032*3*EA*13.5**VP*604426*SK*604426*UP*703287101261PID*F****ANNUAL FIBER HB 1.34G(5.1L) BNPO4**1*EAPO1*0033*2*EA*1.65**VP*604429*SK*604429*UP*703287101605PID*F****ANNUAL ACCENT PLANT .96PT(.45L) BNPO4**1*EAPO1*0034*1*EA*2.72**VP*604457*SK*604457*UP*643952343629PID*F****GERANIUM ZONAL 1.52PT(.72L) BNPO4**1*EAPO1*0035*6*EA*5.9**VP*604493*SK*604493*UP*703287101537PID*F****ANNUAL SPECIALTY 2.6QT(2.46L)BNPO4**1*EAPO1*0036*14*EA*2.35**VP*604529*SK*604529*UP*725651500005PID*F****ANNUAL 1.4QT (1.32L) BNPO4**1*EAPO1*0037*1*EA*18**VP*604542*SK*604542*UP*703287100585PID*F****ANNUAL COCO LINED HB 152OZ(4.5L)BNPO4**1*EAPO1*0038*9*EA*3.95**VP*604550*SK*604550*UP*703287100943PID*F****LIRIOPE .63G(2.38L) BNPO4**1*EAPO1*0039*21*EA*4.25**VP*604636*SK*604636*UP*703287100332PID*F****GERANIUM ZONAL 1.4QT(1.32L) BNPO4**1*EAPO1*0040*15*EA*5.15**VP*610170*SK*610170*UP*703287101599PID*F****ANNUAL HALF FLAT 0.091QT(86.83ML)KWGPO4**1*EAPO1*0041*7*EA*7.4**VP*610643*SK*610643*UP*703287101667PID*F****ANNUAL FULL FLAT 3.38OZ(100ML)KWGPO4**1*EAPO1*0042*1*EA*20**VP*642380*SK*642380*UP*703287102534PID*F****ORCHID PHALAENOPSIS 6IN BNPO4**1*EAPO1*0043*1*EA*11.1**VP*854900*SK*854900*UP*703287105955PID*F****VACCINIUM BLUEBERRY 2G BNPO4**1*EAPO1*0044*3*EA*22.41**VP*855395*SK*855395*UP*703287105986PID*F****BUXUS SUFFRUTICOSA BOXWOOD 5G  BNPO4**1*EAPO1*0045*6*EA*5.15**VP*898257*SK*898257*UP*703287103029PID*F****ARBORVITAE EMERALD GREEN 1G BNPO4**1*EAPO1*0046*1*EA*14.87**VP*900072*SK*900072*UP*703287103210PID*F****AZALEA BLOOM N AGAIN 3G BNPO4**1*EAPO1*0047*2*EA*22**VP*904363*SK*904363*UP*703287105177PID*F****CORNUS DOGWOOD PINK 5G BNPO4**1*EAPO1*0048*3*EA*14.3**VP*904726*SK*904726*UP*703287105191PID*F****CORNUS RED/YELLOW TWIG DOGWOOD 3G BNPO4**1*EAPO1*0049*1*EA*14.87**VP*905353*SK*905353*UP*703287105245PID*F****PRUNUS CHERRY TREE 5G BNPO4**1*EAPO1*0050*1*EA*1.75**VP*929438*SK*929438*UP*703287102695PID*F****AFRICAN VIOLET 4IN (393ML/13.30FLOZ)PO4**1*EAPO1*0051*8*EA*4.85**VP*930564*SK*930564*UP*703287103890PID*F****ILEX HOLLY ASST 1G BNPO4**1*EAPO1*0052*5*EA*3**VP*957166*SK*957166*UP*703287101438PID*F****PROVEN WINNERS 4.5IN 1.31PT/619.8MLPO4**1*EAPO1*0053*1*EA*93**VP*957454*SK*957454*UP*703287106617PID*F****MAGNOLIA GRANDIFLORA 15G BNPO4**1*EAPO1*0054*1*EA*6**VP*957633*SK*957633*UP*703287100028PID*F****CYCLAMEN 6IN BNPO4**1*EAPO1*0055*2*EA*12.5**VP*993202*SK*993202*UP*703287106457PID*F****ROSE NON PATENT 3G BNPO4**1*EACTT*55*343AMT*TT*2450.23SE*178*000098893ST*850*000098894BEG*00*CN*14053643**20080429*4614053643CUR*BY*USDDTM*038*20080502N1*OB**92*4614N3*3352 VIRGINIA BCH BLVDN4*VIRGINIA BEACH*VA*23452REF*DP*028REF*3J*0001REF*MR*0000071643PO1*0001*4*EA*21.31**VP*205545*SK*205545*UP*703287101797PID*F****GIFT READY - GROUP F BNPO4**1*EAPO1*0002*3*EA*12**VP*230914*SK*230914*UP*703287106877PID*F****ACER JAP MAPLE 1G BNPO4**1*EAPO1*0003*3*EA*7**VP*245860*SK*245860*UP*725651101011PID*F****ANNUAL 10IN PREM TC VA GROWERS VMIPO4**1*EAPO1*0004*1*EA*3.1**VP*273899*SK*273899*UP*703287107485PID*F****CACTUS GRAFTS (5.8FL OZ/16ML)BNPO4**1*EAPO1*0005*2*EA*9.2**VP*293069*SK*293069*UP*703287107065PID*F****AZALEA LANDSCAPER 3G BNPO4**1*EAPO1*0006*1*EA*9.2**VP*293103*SK*293103*UP*703287107089PID*F****ILEX COMPACTA HOLLY LANDSCAPER 3G BNPO4**1*EAPO1*0007*5*EA*9.2**VP*293344*SK*293344*UP*703287107126PID*F****CUPRESSOCYPARIS LEYLAND LANDSC 3G BNPO4**1*EAPO1*0008*11*EA*2.7**VP*307357*SK*307357*UP*094392363676PID*F****HOSTA QUARTPO4**1*EAPO1*0009*7*EA*5.75**VP*311002*SK*311002*UP*094392005231PID*F****LILIUM ASIATIC 3.70QTPO4**1*EAPO1*0010*2*EA*5.75**VP*315216*SK*315216*UP*094392006238PID*F****ORNAMENTAL GRASS 3.70QTPO4**1*EAPO1*0011*2*EA*5.6**VP*315253*SK*315253*UP*094392009963PID*F****PERENNIAL 3.70QTPO4**1*EAPO1*0012*6*EA*3.95**VP*319150*SK*319150*UP*094392002322PID*F****HOSTA 2.75QTPO4**1*EAPO1*0013*95*EA*3.75**VP*321759*SK*321759*UP*094392006047PID*F****PERENNIAL 2.75QTPO4**1*EAPO1*0014*82*EA*2.7**VP*322253*SK*322253*UP*094392005644PID*F****PERENNIAL 1.06QTPO4**1*EAPO1*0015*6*EA*2.7**VP*322257*SK*322257*UP*094392363737PID*F****GROUNDCOVER 1.06QTPO4**1*EAPO1*0016*14*EA*1.55**VP*322574*SK*322574*UP*094392361658PID*F****GROUNDCOVER 1.11PTPO4**1*EAPO1*0017*1*EA*11.9**VP*338323*SK*338323*UP*703287107133PID*F****FLOWERING TREE PROMO 5G BNPO4**1*EAPO1*0018*14*EA*2.1**VP*342318*SK*342318*UP*855511000182PID*F****PETUNIA WAVE 1 PINTPO4**1*EAPO1*0019*4*EA*17**VP*363673*SK*363673*UP*703287101704PID*F****HIBISCUS EXOTIC PERENNIAL 3G BNPO4**1*EAPO1*0020*32*EA*2.9**VP*447221*SK*447221*UP*048834111196PID*F****VIGORO SELECT PINT ANNUALPO4**1*EAPO1*0021*15*EA*2.9**VP*448075*SK*448075*UP*048834211124PID*F****VIGORO SELECT PINT ANNUALPO4**1*EAPO1*0022*4*EA*2.9**VP*452670*SK*452670*UP*048834511132PID*F****VIGORO 1PINT ANNUALPO4**1*EAPO1*0023*2*EA*5.9**VP*456114*SK*456114*UP*048834711136PID*F****VIGORO SELECT GALLON ANNUALPO4**1*EAPO1*0024*3*EA*5.9**VP*456333*SK*456333*UP*048834711174PID*F**** VIGORO SELECT GALLON ANNUALPO4**1*EAPO1*0025*19*EA*5.9**VP*456422*SK*456422*UP*048834811126PID*F**** VIGORO SELECT GALLON ANNUALPO4**1*EAPO1*0026*3*EA*8.25**VP*470998*SK*470998*UP*724188002990PID*F****STRAW POT 6PKPO4**1*EAPO1*0027*1*EA*10.4**VP*518034*SK*518034*UP*703287102183PID*F****HOUSEPLANT 8 ANGEL HB BNPO4**1*EAPO1*0028*7*EA*3.55**VP*548007*SK*548007*UP*703287101124PID*F****PERENNIAL .63G (2.38L) BNPO4**1*EAPO1*0029*13*EA*13.5**VP*549189*SK*549189*UP*703287100974PID*F****HIBISCUS BUSH PREM 2.33G (8.83L) BNPO4**1*EAPO1*0030*3*EA*17**VP*549408*SK*549408*UP*703287101308PID*F****MANDEVILLA TRELLIS 2.33G (8.83L)BNPO4**1*EAPO1*0031*2*EA*15**VP*549690*SK*549690*UP*703287100202PID*F****TROPICAL PATIO 3G (11.35L) BNPO4**1*EAPO1*0032*8*EA*8.25**VP*553208*SK*553208*UP*703287101872PID*F****TROPICAL FOLIAGE PREM 6 BNPO4**1*EAPO1*0033*1*EA*8**VP*553307*SK*553307*UP*703287101896PID*F****ANTHURIUM 6 BNPO4**1*EAPO1*0034*1*EA*12**VP*553437*SK*553437*UP*703287101933PID*F****TROPICAL FOLIAGE PREM 8 BNPO4**1*EAPO1*0035*1*EA*9.9**VP*553451*SK*553451*UP*703287101940PID*F****TROPICAL FOLIAGE HB 8 BNPO4**1*EAPO1*0036*1*EA*10.25**VP*553457*SK*553457*UP*703287101957PID*F****TROPICAL FOLIAGE PROMO 10 BNPO4**1*EAPO1*0037*1*EA*25.5**VP*553997*SK*553997*UP*703287101988PID*F****TROPICAL FOLIAGE 10 ULTRA PREM BNPO4**1*EAPO1*0038*1*EA*26.5**VP*554809*SK*554809*UP*703287101995PID*F****TROPICAL FOLIAGE 12 PREM BNPO4**1*EAPO1*0039*1*EA*46**VP*554888*SK*554888*UP*703287102015PID*F****TROPICAL FOLIAGE 14 FANCY BNPO4**1*EAPO1*0040*1*EA*53**VP*554959*SK*554959*UP*703287102022PID*F****TROPICAL FOLIAGE 14 GROUP 1 BNPO4**1*EAPO1*0041*1*EA*5.75**VP*579507*SK*579507*UP*855511000359PID*F****PREMIUM COLOR VIVA! 2.5 QTPO4**1*EAPO1*0042*1*EA*3.6**VP*604260*SK*604260*UP*703287101155PID*F****PETUNIA WAVE 1.4QT(1.32L) BNPO4**1*EAPO1*0043*54*EA*8**VP*604327*SK*604327*UP*703287100080PID*F****FERN BOSTON 4.9QT(4.63L) BNPO4**1*EAPO1*0044*13*EA*2.85**VP*604366*SK*604366*UP*703287100127PID*F****GERBERA DAISY 1.39PT(.64L) BNPO4**1*EAPO1*0045*93*EA*.85**VP*604402*SK*604402*UP*703287100110PID*F****ANNUAL BEDDING PLANT .96PT(.45L) BNPO4**1*EAPO1*0046*10*EA*13.5**VP*604426*SK*604426*UP*703287101261PID*F****ANNUAL FIBER HB 1.34G(5.1L) BNPO4**1*EAPO1*0047*10*EA*1.65**VP*604429*SK*604429*UP*703287101605PID*F****ANNUAL ACCENT PLANT .96PT(.45L) BNPO4**1*EAPO1*0048*4*EA*5.9**VP*604493*SK*604493*UP*703287101537PID*F****ANNUAL SPECIALTY 2.6QT(2.46L)BNPO4**1*EAPO1*0049*48*EA*2.35**VP*604529*SK*604529*UP*725651500005PID*F****ANNUAL 1.4QT (1.32L) BNPO4**1*EAPO1*0050*2*EA*18**VP*604542*SK*604542*UP*703287100585PID*F****ANNUAL COCO LINED HB 152OZ(4.5L)BNPO4**1*EAPO1*0051*3*EA*1.5**VP*604577*SK*604577*UP*703287101568PID*F****GROUND COVER .96PT(.45L) BNPO4**1*EAPO1*0052*1*EA*8.59**VP*604585*SK*604585*UP*703287100073PID*F****ANNUAL FLWG. PREM HB 4.9QT(4.63L) BNPO4**1*EAPO1*0053*24*EA*4.25**VP*604636*SK*604636*UP*703287100332PID*F****GERANIUM ZONAL 1.4QT(1.32L) BNPO4**1*EAPO1*0054*2*EA*9**VP*604661*SK*604661*UP*703287100301PID*F****SPECIAL PRICE 1- BELL NURSERYPO4**1*EAPO1*0055*28*EA*5.15**VP*610170*SK*610170*UP*703287101599PID*F****ANNUAL HALF FLAT 0.091QT(86.83ML)KWGPO4**1*EAPO1*0056*8*EA*7.4**VP*610643*SK*610643*UP*703287101667PID*F****ANNUAL FULL FLAT 3.38OZ(100ML)KWGPO4**1*EAPO1*0057*3*EA*9.75**VP*651881*SK*651881*UP*703287102626PID*F****AZALEA ENCORE 1GPO4**1*EAPO1*0058*1*EA*4.35**VP*651895*SK*651895*UP*703287101049PID*F****FLORAL INDOOR 4.5IN ASST BNPO4**1*EAPO1*0059*1*EA*2.75**VP*711810*SK*711810*UP*092852000659PID*F****CACTUS SUCCULENT 4INPO4**1*EAPO1*0060*4*EA*1.45**VP*818844*SK*818844*UP*703287107195PID*F****RAINBOW PACK 1.5"SLVD (.8FL OZ/25ML)PO4**1*EAPO1*0061*1*EA*15.13**VP*857177*SK*857177*UP*703287106105PID*F****GARDENIA ASST 3G BNPO4**1*EAPO1*0062*2*EA*4.85**VP*899643*SK*899643*UP*703287103166PID*F****AZALEA 1G BNPO4**1*EAPO1*0063*4*EA*7.5**VP*900006*SK*900006*UP*703287103203PID*F****AZALEA BLOOM N AGAIN 1G BNPO4**1*EAPO1*0064*3*EA*14.87**VP*900072*SK*900072*UP*703287103210PID*F****AZALEA BLOOM N AGAIN 3G BNPO4**1*EAPO1*0065*2*EA*22**VP*904363*SK*904363*UP*703287105177PID*F****CORNUS DOGWOOD PINK 5G BNPO4**1*EAPO1*0066*10*EA*15**VP*928452*SK*928452*UP*703287103647PID*F****CUPRESSOCYPARIS LEYLAND 5G BNPO4**1*EAPO1*0067*2*EA*5.15**VP*929673*SK*929673*UP*703287103760PID*F****EUONYMUS ASST 1G BNPO4**1*EAPO1*0068*12*EA*4.85**VP*930564*SK*930564*UP*703287103890PID*F****ILEX HOLLY ASST 1G BNPO4**1*EAPO1*0069*1*EA*16.02**VP*943731*SK*943731*UP*703287104521PID*F****ROSE KNOCKOUT 3G BNPO4**1*EAPO1*0070*1*EA*15**VP*944886*SK*944886*UP*703287104699PID*F****VIBURNUM ASST 3G BNPO4**1*EAPO1*0071*3*EA*8**VP*993169*SK*993169*UP*703287106440PID*F****ROSE NONO PATENT 2G BNPO4**1*EAPO1*0072*12*EA*4**VP*997327*SK*997327*UP*703287104705PID*F****FESCUE TALL TURF SOD 10 SQ FTPO4**1*EACTT*72*747AMT*TT*4661.04SE*229*000098894ST*850*000098895BEG*00*CN*15022260**20080429*4615022260CUR*BY*USDDTM*038*20080502N1*OB**92*4615N3*1261 N MILITARY HWYN4*NORFOLK*VA*23502REF*DP*028REF*3J*0001REF*MR*0000071643PO1*0001*1*EA*13.15**VP*210866*SK*210866*UP*703287102312PID*F****SHRUB ASST 2 BNPO4**1*EAPO1*0002*1*EA*22**VP*211439*SK*211439*UP*703287102343PID*F****SHRUB ASST 5 BNPO4**1*EAPO1*0003*2*EA*36.5**VP*211887*SK*211887*UP*703287102374PID*F****SPECIMAN SHRUB 1 BNPO4**1*EAPO1*0004*11*EA*12**VP*230914*SK*230914*UP*703287106877PID*F****ACER JAP MAPLE 1G BNPO4**1*EAPO1*0005*1*EA*3.1**VP*271056*SK*271056*UP*703287107430PID*F****CACTI/SUCC 3.25IN (8.2FL OZ/235ML)BNPO4**1*EAPO1*0006*1*EA*3.1**VP*273899*SK*273899*UP*703287107485PID*F****CACTUS GRAFTS (5.8FL OZ/16ML)BNPO4**1*EAPO1*0007*12*EA*4.6**VP*293033*SK*293033*UP*703287107034PID*F****RHAPHIPLEPSIS INDIAN HAWTHORNE 1G BNPO4**1*EAPO1*0008*4*EA*9.2**VP*293103*SK*293103*UP*703287107089PID*F****ILEX COMPACTA HOLLY LANDSCAPER 3G BNPO4**1*EAPO1*0009*2*EA*9.2**VP*293344*SK*293344*UP*703287107126PID*F****CUPRESSOCYPARIS LEYLAND LANDSC 3G BNPO4**1*EAPO1*0010*4*EA*5.75**VP*315216*SK*315216*UP*094392006238PID*F****ORNAMENTAL GRASS 3.70QTPO4**1*EAPO1*0011*4*EA*3.95**VP*319150*SK*319150*UP*094392002322PID*F****HOSTA 2.75QTPO4**1*EAPO1*0012*14*EA*3.75**VP*321759*SK*321759*UP*094392006047PID*F****PERENNIAL 2.75QTPO4**1*EAPO1*0013*2*EA*3.75**VP*321862*SK*321862*UP*094392003558PID*F****GROUNDCOVER 2.75QTPO4**1*EAPO1*0014*4*EA*2.7**VP*322253*SK*322253*UP*094392005644PID*F****PERENNIAL 1.06QTPO4**1*EAPO1*0015*4*EA*2.7**VP*322257*SK*322257*UP*094392363737PID*F****GROUNDCOVER 1.06QTPO4**1*EAPO1*0016*13*EA*1.55**VP*322574*SK*322574*UP*094392363706PID*F****GROUNDCOVER 1.11PTPO4**1*EAPO1*0017*1*EA*11.9**VP*338323*SK*338323*UP*703287107133PID*F****FLOWERING TREE PROMO 5G BNPO4**1*EAPO1*0018*1*EA*17**VP*363673*SK*363673*UP*703287101704PID*F****HIBISCUS EXOTIC PERENNIAL 3G BNPO4**1*EAPO1*0019*47*EA*2.9**VP*447221*SK*447221*UP*048834111196PID*F****VIGORO SELECT PINT ANNUALPO4**1*EAPO1*0020*24*EA*2.9**VP*448075*SK*448075*UP*048834211124PID*F****VIGORO SELECT PINT ANNUALPO4**1*EAPO1*0021*1*EA*5.9**VP*456114*SK*456114*UP*048834711136PID*F****VIGORO SELECT GALLON ANNUALPO4**1*EAPO1*0022*5*EA*5.9**VP*456333*SK*456333*UP*048834711174PID*F**** VIGORO SELECT GALLON ANNUALPO4**1*EAPO1*0023*13*EA*5.9**VP*456422*SK*456422*UP*048834811126PID*F**** VIGORO SELECT GALLON ANNUALPO4**1*EAPO1*0024*2*EA*8.25**VP*470998*SK*470998*UP*724188002990PID*F****STRAW POT 6PKPO4**1*EAPO1*0025*1*EA*7.5**VP*518013*SK*518013*UP*703287102176PID*F****HOUSEPLANT 6.6 ANGEL HB BNPO4**1*EAPO1*0026*2*EA*10.4**VP*518034*SK*518034*UP*703287102183PID*F****HOUSEPLANT 8 ANGEL HB BNPO4**1*EAPO1*0027*3*EA*13.5**VP*549189*SK*549189*UP*703287100974PID*F****HIBISCUS BUSH PREM 2.33G (8.83L) BNPO4**1*EAPO1*0028*2*EA*18**VP*549383*SK*549383*UP*703287100981PID*F****HIBISCUS STD PREM 3G (11.35L) BNPO4**1*EAPO1*0029*3*EA*17**VP*549408*SK*549408*UP*703287101308PID*F****MANDEVILLA TRELLIS 2.33G (8.83L)BNPO4**1*EAPO1*0030*3*EA*8.25**VP*553208*SK*553208*UP*703287101872PID*F****TROPICAL FOLIAGE PREM 6 BNPO4**1*EAPO1*0031*1*EA*10.25**VP*553457*SK*553457*UP*703287101957PID*F****TROPICAL FOLIAGE PROMO 10 BNPO4**1*EAPO1*0032*2*EA*33**VP*554879*SK*554879*UP*703287102008PID*F****TROPICAL FOLIAGE 14 PROMO BNPO4**1*EAPO1*0033*1*EA*9.8**VP*556570*SK*556570*UP*703287102114PID*F****HIBISCUS 7 BRAID BNPO4**1*EAPO1*0034*4*EA*3.6**VP*604260*SK*604260*UP*703287101155PID*F****PETUNIA WAVE 1.4QT(1.32L) BNPO4**1*EAPO1*0035*37*EA*8**VP*604327*SK*604327*UP*703287100080PID*F****FERN BOSTON 4.9QT(4.63L) BNPO4**1*EAPO1*0036*20*EA*2.85**VP*604366*SK*604366*UP*703287100127PID*F****GERBERA DAISY 1.39PT(.64L) BNPO4**1*EAPO1*0037*105*EA*.85**VP*604402*SK*604402*UP*703287100110PID*F****ANNUAL BEDDING PLANT .96PT(.45L) BNPO4**1*EAPO1*0038*17*EA*1.65**VP*604429*SK*604429*UP*703287101605PID*F****ANNUAL ACCENT PLANT .96PT(.45L) BNPO4**1*EAPO1*0039*3*EA*5.9**VP*604493*SK*604493*UP*703287101537PID*F****ANNUAL SPECIALTY 2.6QT(2.46L)BNPO4**1*EAPO1*0040*43*EA*2.35**VP*604529*SK*604529*UP*725651500005PID*F****ANNUAL 1.4QT (1.32L) BNPO4**1*EAPO1*0041*2*EA*18**VP*604542*SK*604542*UP*703287100585PID*F****ANNUAL COCO LINED HB 152OZ(4.5L)BNPO4**1*EAPO1*0042*25*EA*4.25**VP*604636*SK*604636*UP*703287100332PID*F****GERANIUM ZONAL 1.4QT(1.32L) BNPO4**1*EAPO1*0043*1*EA*2.22**VP*609520*SK*609520*UP*717535502045PID*F****ANNUAL 12PK .08575QT(83.5ML)KWGPO4**1*EAPO1*0044*21*EA*5.15**VP*610170*SK*610170*UP*703287101599PID*F****ANNUAL HALF FLAT 0.091QT(86.83ML)KWGPO4**1*EAPO1*0045*11*EA*7.4**VP*610643*SK*610643*UP*703287101667PID*F****ANNUAL FULL FLAT 3.38OZ(100ML)KWGPO4**1*EAPO1*0046*1*EA*2.2**VP*820276*SK*820276*UP*703287107331PID*F****ALOE&HAWORTHIA 2.5"SLVD-5.8FLOZ/16MLPO4**1*EAPO1*0047*2*EA*11.1**VP*854900*SK*854900*UP*703287105955PID*F****VACCINIUM BLUEBERRY 2G BNPO4**1*EAPO1*0048*4*EA*22.41**VP*855395*SK*855395*UP*703287105986PID*F****BUXUS SUFFRUTICOSA BOXWOOD 5G  BNPO4**1*EAPO1*0049*2*EA*5.32**VP*858860*SK*858860*UP*703287106327PID*F****NANDINA FIREPOWER 1G BNPO4**1*EAPO1*0050*1*EA*42.75**VP*898093*SK*898093*UP*703287105221PID*F****FRUIT TREES ASST PREM 10G BNPO4**1*EAPO1*0051*5*EA*7.5**VP*900006*SK*900006*UP*703287103203PID*F****AZALEA BLOOM N AGAIN 1G BNPO4**1*EAPO1*0052*1*EA*79.5**VP*912349*SK*912349*UP*703287105726PID*F****CERCIS REDBUD 10G BNPO4**1*EAPO1*0053*2*EA*4.85**VP*930564*SK*930564*UP*703287103890PID*F****ILEX HOLLY ASST 1G BNPO4**1*EAPO1*0054*4*EA*15.15**VP*930729*SK*930729*UP*703287103906PID*F****ILEX HOLLY ASST 3G BNPO4**1*EAPO1*0055*2*EA*10.5**VP*931917*SK*931917*UP*703287104040PID*F****HYDRANGEA HD EXCLUSIVE 8IN BNPO4**1*EAPO1*0056*1*EA*3.9**VP*932214*SK*932214*UP*703287104101PID*F****JUNIPER ASST 1G BNPO4**1*EAPO1*0057*3*EA*17.85**VP*932445*SK*932445*UP*703287104132PID*F****JUNIPER BLUE POINT 5G BNPO4**1*EAPO1*0058*1*EA*15.4**VP*935283*SK*935283*UP*703287104354PID*F****PIERIS JAPONICA ASST 3G BNPO4**1*EAPO1*0059*6*EA*16.02**VP*943731*SK*943731*UP*703287104521PID*F****ROSE KNOCKOUT 3G BNPO4**1*EAPO1*0060*1*EA*15**VP*944886*SK*944886*UP*703287104699PID*F****VIBURNUM ASST 3G BNPO4**1*EAPO1*0061*7*EA*3**VP*957166*SK*957166*UP*703287101438PID*F****PROVEN WINNERS 4.5IN 1.31PT/619.8MLPO4**1*EAPO1*0062*5*EA*8**VP*993169*SK*993169*UP*703287106440PID*F****ROSE NONO PATENT 2G BNPO4**1*EACTT*62*529AMT*TT*3435.97SE*199*000098895ST*850*000098897BEG*00*CN*19008507**20080429*4619008507CUR*BY*USDDTM*038*20080502N1*OB**92*4619N3*1400 TINTERN LANEN4*CHESAPEAKE*VA*23320REF*DP*028REF*3J*0001REF*MR*0000071643PO1*0001*1*EA*36.5**VP*211887*SK*211887*UP*703287102374PID*F****SPECIMAN SHRUB 1 BNPO4**1*EAPO1*0002*13*EA*12**VP*230914*SK*230914*UP*703287106877PID*F****ACER JAP MAPLE 1G BNPO4**1*EAPO1*0003*2*EA*7**VP*231375*SK*231375*UP*703287106914PID*F****RUBUS BLACKBERRY 1G BNPO4**1*EAPO1*0004*1*EA*3.1**VP*273899*SK*273899*UP*703287107485PID*F****CACTUS GRAFTS (5.8FL OZ/16ML)BNPO4**1*EAPO1*0005*3*EA*14.5**VP*292951*SK*292951*UP*703287107041PID*F****CLEYERA 3G BNPO4**1*EAPO1*0006*4*EA*9.2**VP*293103*SK*293103*UP*703287107089PID*F****ILEX COMPACTA HOLLY LANDSCAPER 3G BNPO4**1*EAPO1*0007*2*EA*9.2**VP*293231*SK*293231*UP*703287107096PID*F****ILEX HELLERI HOLLY LANDSCAPER 3G BNPO4**1*EAPO1*0008*2*EA*9.2**VP*293344*SK*293344*UP*703287107126PID*F****CUPRESSOCYPARIS LEYLAND LANDSC 3G BNPO4**1*EAPO1*0009*9*EA*2.7**VP*307357*SK*307357*UP*094392363676PID*F****HOSTA QUARTPO4**1*EAPO1*0010*3*EA*5.75**VP*311002*SK*311002*UP*094392005231PID*F****LILIUM ASIATIC 3.70QTPO4**1*EAPO1*0011*7*EA*3.75**VP*321759*SK*321759*UP*094392006047PID*F****PERENNIAL 2.75QTPO4**1*EAPO1*0012*1*EA*3.75**VP*321862*SK*321862*UP*094392003558PID*F****GROUNDCOVER 2.75QTPO4**1*EAPO1*0013*19*EA*2.7**VP*322253*SK*322253*UP*094392005644PID*F****PERENNIAL 1.06QTPO4**1*EAPO1*0014*9*EA*2.7**VP*322257*SK*322257*UP*094392363737PID*F****GROUNDCOVER 1.06QTPO4**1*EAPO1*0015*20*EA*1.55**VP*322574*SK*322574*UP*094392363706PID*F****GROUNDCOVER 1.11PTPO4**1*EAPO1*0016*46*EA*2.9**VP*447221*SK*447221*UP*048834111196PID*F****VIGORO SELECT PINT ANNUALPO4**1*EAPO1*0017*4*EA*2.9**VP*448075*SK*448075*UP*048834211124PID*F****VIGORO SELECT PINT ANNUALPO4**1*EAPO1*0018*17*EA*2.9**VP*452670*SK*452670*UP*048834511132PID*F****VIGORO 1PINT ANNUALPO4**1*EAPO1*0019*18*EA*5.9**VP*456422*SK*456422*UP*048834811126PID*F**** VIGORO SELECT GALLON ANNUALPO4**1*EAPO1*0020*11*EA*8.25**VP*470998*SK*470998*UP*724188002990PID*F****STRAW POT 6PKPO4**1*EAPO1*0021*8*EA*13.5**VP*549189*SK*549189*UP*703287100974PID*F****HIBISCUS BUSH PREM 2.33G (8.83L) BNPO4**1*EAPO1*0022*2*EA*17**VP*549408*SK*549408*UP*703287101308PID*F****MANDEVILLA TRELLIS 2.33G (8.83L)BNPO4**1*EAPO1*0023*1*EA*15**VP*549690*SK*549690*UP*703287100202PID*F****TROPICAL PATIO 3G (11.35L) BNPO4**1*EAPO1*0024*1*EA*8.25**VP*553208*SK*553208*UP*703287101872PID*F****TROPICAL FOLIAGE PREM 6 BNPO4**1*EAPO1*0025*4*EA*8**VP*553307*SK*553307*UP*703287101896PID*F****ANTHURIUM 6 BNPO4**1*EAPO1*0026*2*EA*12**VP*553437*SK*553437*UP*703287101933PID*F****TROPICAL FOLIAGE PREM 8 BNPO4**1*EAPO1*0027*3*EA*10.25**VP*553457*SK*553457*UP*703287101957PID*F****TROPICAL FOLIAGE PROMO 10 BNPO4**1*EAPO1*0028*2*EA*25.5**VP*553997*SK*553997*UP*703287101988PID*F****TROPICAL FOLIAGE 10 ULTRA PREM BNPO4**1*EAPO1*0029*1*EA*26.5**VP*554809*SK*554809*UP*703287101995PID*F****TROPICAL FOLIAGE 12 PREM BNPO4**1*EAPO1*0030*3*EA*9.8**VP*556570*SK*556570*UP*703287102114PID*F****HIBISCUS 7 BRAID BNPO4**1*EAPO1*0031*5*EA*3.6**VP*604260*SK*604260*UP*703287101155PID*F****PETUNIA WAVE 1.4QT(1.32L) BNPO4**1*EAPO1*0032*11*EA*8**VP*604327*SK*604327*UP*703287100080PID*F****FERN BOSTON 4.9QT(4.63L) BNPO4**1*EAPO1*0033*7*EA*5.6**VP*604358*SK*604358*UP*703287100257PID*F****CALADIUM 1.4QT(1.32L) BNPO4**1*EAPO1*0034*38*EA*2.85**VP*604366*SK*604366*UP*703287100127PID*F****GERBERA DAISY 1.39PT(.64L) BNPO4**1*EAPO1*0035*186*EA*.85**VP*604402*SK*604402*UP*703287100110PID*F****ANNUAL BEDDING PLANT .96PT(.45L) BNPO4**1*EAPO1*0036*22*EA*1.65**VP*604429*SK*604429*UP*703287101605PID*F****ANNUAL ACCENT PLANT .96PT(.45L) BNPO4**1*EAPO1*0037*2*EA*5.9**VP*604493*SK*604493*UP*703287101537PID*F****ANNUAL SPECIALTY 2.6QT(2.46L)BNPO4**1*EAPO1*0038*34*EA*2.35**VP*604529*SK*604529*UP*725651500005PID*F****ANNUAL 1.4QT (1.32L) BNPO4**1*EAPO1*0039*1*EA*18**VP*604542*SK*604542*UP*703287100585PID*F****ANNUAL COCO LINED HB 152OZ(4.5L)BNPO4**1*EAPO1*0040*1*EA*3.95**VP*604550*SK*604550*UP*703287100943PID*F****LIRIOPE .63G(2.38L) BNPO4**1*EAPO1*0041*5*EA*8.59**VP*604585*SK*604585*UP*703287100073PID*F****ANNUAL FLWG. PREM HB 4.9QT(4.63L) BNPO4**1*EAPO1*0042*24*EA*4.25**VP*604636*SK*604636*UP*703287100332PID*F****GERANIUM ZONAL 1.4QT(1.32L) BNPO4**1*EAPO1*0043*5*EA*5**VP*604662*SK*604662*UP*703287100318PID*F****SPECIAL PRICE 2-BELL NURSERYPO4**1*EAPO1*0044*35*EA*5.15**VP*610170*SK*610170*UP*703287101599PID*F****ANNUAL HALF FLAT 0.091QT(86.83ML)KWGPO4**1*EAPO1*0045*5*EA*7.4**VP*610643*SK*610643*UP*703287101667PID*F****ANNUAL FULL FLAT 3.38OZ(100ML)KWGPO4**1*EAPO1*0046*12*EA*11.92**VP*617160*SK*617160*UP*703287100431PID*F****SPECIAL MARKDOWN SKU $14.99-BNPO4**1*EAPO1*0047*1*EA*9.75**VP*651881*SK*651881*UP*703287102626PID*F****AZALEA ENCORE 1GPO4**1*EAPO1*0048*2*EA*8.4**VP*651884*SK*651884*UP*703287101025PID*F****FLORAL INDOOR 6IN ASSTPO4**1*EAPO1*0049*1*EA*4.35**VP*651895*SK*651895*UP*703287101049PID*F****FLORAL INDOOR 4.5IN ASST BNPO4**1*EAPO1*0050*1*EA*14.74**VP*905023*SK*905023*UP*703287105238PID*F****MALUS DWARF APPLE 5G BNPO4**1*EAPO1*0051*3*EA*1.75**VP*929438*SK*929438*UP*703287102695PID*F****AFRICAN VIOLET 4IN (393ML/13.30FLOZ)PO4**1*EAPO1*0052*4*EA*16.02**VP*943731*SK*943731*UP*703287104521PID*F****ROSE KNOCKOUT 3G BNPO4**1*EAPO1*0053*2*EA*15**VP*944886*SK*944886*UP*703287104699PID*F****VIBURNUM ASST 3G BNPO4**1*EAPO1*0054*1*EA*7.75**VP*974806*SK*974806*UP*094392364888PID*F****CORDYLINE 2.75QTPO4**1*EACTT*54*627AMT*TT*3261.02SE*175*000098897ST*850*000098899BEG*00*CN*28033629**20080429*4628033629CUR*BY*USDDTM*038*20080502N1*OB**92*4628N3*4176 FRANKLIN ROADN4*ROANOKE*VA*24014REF*DP*028REF*3J*0001REF*MR*0000071643PO1*0001*1*EA*2.45**VP*172815*SK*172815*UP*010602020580PID*F****ANGEL PLANT 3.8INPO4**1*EAPO1*0002*1*EA*22**VP*211439*SK*211439*UP*703287102343PID*F****SHRUB ASST 5 BNPO4**1*EAPO1*0003*2*EA*12**VP*230914*SK*230914*UP*703287106877PID*F****ACER JAP MAPLE 1G BNPO4**1*EAPO1*0004*4*EA*9.2**VP*293069*SK*293069*UP*703287107065PID*F****AZALEA LANDSCAPER 3G BNPO4**1*EAPO1*0005*6*EA*2.7**VP*307357*SK*307357*UP*094392363676PID*F****HOSTA QUARTPO4**1*EAPO1*0006*6*EA*3.95**VP*319150*SK*319150*UP*094392002322PID*F****HOSTA 2.75QTPO4**1*EAPO1*0007*2*EA*3.95**VP*320217*SK*320217*UP*094392003473PID*F****DAYLILY 2.75QTPO4**1*EAPO1*0008*24*EA*3.75**VP*321759*SK*321759*UP*094392006047PID*F****PERENNIAL 2.75QTPO4**1*EAPO1*0009*22*EA*2.7**VP*322253*SK*322253*UP*094392005644PID*F****PERENNIAL 1.06QTPO4**1*EAPO1*0010*3*EA*2.7**VP*322257*SK*322257*UP*094392363737PID*F****GROUNDCOVER 1.06QTPO4**1*EAPO1*0011*3*EA*1.55**VP*322574*SK*322574*UP*094392361658PID*F****GROUNDCOVER 1.11PTPO4**1*EAPO1*0012*9*EA*2.1**VP*342318*SK*342318*UP*855511000182PID*F****PETUNIA WAVE 1 PINTPO4**1*EAPO1*0013*2*EA*5.9**VP*456422*SK*456422*UP*048834811126PID*F**** VIGORO SELECT GALLON ANNUALPO4**1*EAPO1*0014*1*EA*10.4**VP*518034*SK*518034*UP*703287102183PID*F****HOUSEPLANT 8 ANGEL HB BNPO4**1*EAPO1*0015*1*EA*13.5**VP*549189*SK*549189*UP*703287100974PID*F****HIBISCUS BUSH PREM 2.33G (8.83L) BNPO4**1*EAPO1*0016*1*EA*8.25**VP*553208*SK*553208*UP*703287101872PID*F****TROPICAL FOLIAGE PREM 6 BNPO4**1*EAPO1*0017*35*EA*8**VP*604327*SK*604327*UP*703287100080PID*F****FERN BOSTON 4.9QT(4.63L) BNPO4**1*EAPO1*0018*17*EA*2.85**VP*604366*SK*604366*UP*703287100127PID*F****GERBERA DAISY 1.39PT(.64L) BNPO4**1*EAPO1*0019*10*EA*.85**VP*604402*SK*604402*UP*703287100110PID*F****ANNUAL BEDDING PLANT .96PT(.45L) BNPO4**1*EAPO1*0020*2*EA*13.5**VP*604426*SK*604426*UP*703287101261PID*F****ANNUAL FIBER HB 1.34G(5.1L) BNPO4**1*EAPO1*0021*2*EA*1.65**VP*604429*SK*604429*UP*703287101605PID*F****ANNUAL ACCENT PLANT .96PT(.45L) BNPO4**1*EAPO1*0022*8*EA*2.35**VP*604529*SK*604529*UP*725651500005PID*F****ANNUAL 1.4QT (1.32L) BNPO4**1*EAPO1*0023*2*EA*8.59**VP*604585*SK*604585*UP*703287100073PID*F****ANNUAL FLWG. PREM HB 4.9QT(4.63L) BNPO4**1*EAPO1*0024*3*EA*4.25**VP*604636*SK*604636*UP*703287100332PID*F****GERANIUM ZONAL 1.4QT(1.32L) BNPO4**1*EAPO1*0025*2*EA*5.15**VP*610170*SK*610170*UP*703287101599PID*F****ANNUAL HALF FLAT 0.091QT(86.83ML)KWGPO4**1*EAPO1*0026*1*EA*2.02**VP*617188*SK*617188*UP*703287100554PID*F****SPECIAL MARKDOWN SKU $2.67-BNPO4**1*EAPO1*0027*4*EA*9.75**VP*651881*SK*651881*UP*703287102626PID*F****AZALEA ENCORE 1GPO4**1*EAPO1*0028*4*EA*7.5**VP*900006*SK*900006*UP*703287103203PID*F****AZALEA BLOOM N AGAIN 1G BNPO4**1*EAPO1*0029*10*EA*5.15**VP*900732*SK*900732*UP*703287103272PID*F****BUXUS BOXWOOD ASST 1G BNPO4**1*EAPO1*0030*1*EA*17.16**VP*911854*SK*911854*UP*703287105665PID*F****PINE WHITE 3G BNPO4**1*EAPO1*0031*3*EA*5.15**VP*929673*SK*929673*UP*703287103760PID*F****EUONYMUS ASST 1G BNPO4**1*EAPO1*0032*30*EA*3.9**VP*932214*SK*932214*UP*703287104101PID*F****JUNIPER ASST 1G BNPO4**1*EAPO1*0033*4*EA*3**VP*957166*SK*957166*UP*703287101438PID*F****PROVEN WINNERS 4.5IN 1.31PT/619.8MLPO4**1*EAPO1*0034*1*EA*8**VP*992112*SK*992112*UP*842276001578PID*F****VIVA! PERENNIALS 3.70QTPO4**1*EACTT*34*227AMT*TT*1289.48SE*115*000098899ST*850*000098900BEG*00*CN*35025306**20080429*4635025306CUR*BY*USDDTM*038*20080502N1*OB**92*4635N3*6700 MOORETOWN ROADN4*WILLIAMSBURG*VA*23188REF*DP*028REF*3J*0001REF*MR*0000071643PO1*0001*1*EA*14.65**VP*210833*SK*210833*UP*703287102329PID*F****SHRUB ASST 3 BNPO4**1*EAPO1*0002*11*EA*12**VP*230914*SK*230914*UP*703287106877PID*F****ACER JAP MAPLE 1G BNPO4**1*EAPO1*0003*2*EA*4.2**VP*238197*SK*238197PID*F****SODMAN FESCUE ROLLPO4**1*EAPO1*0004*3*EA*1.85**VP*243552*SK*243552*UP*725651666008PID*F****ANNUAL 1G VA GROWERS VMIPO4**1*EAPO1*0005*6*EA*1.15**VP*263623*SK*263623*UP*725651402002PID*F****PANSY 6PK VA GROWERS VMIPO4**1*EAPO1*0006*1*EA*3.6**VP*271691*SK*271691*UP*703287107447PID*F****SUCCULENTS 4IN (12.6FL OZ/360ML)BNPO4**1*EAPO1*0007*1*EA*4.25**VP*273082*SK*273082*UP*703287107478PID*F****FAIRY CASTLE 3.25"-8.2FL OZ/235ML BNPO4**1*EAPO1*0008*1*EA*5**VP*276929*SK*276929*UP*703287107515PID*F****BURRO TAILS 4IN HB(12.6FLOZ/360ML)BNPO4**1*EAPO1*0009*6*EA*9.2**VP*293231*SK*293231*UP*703287107096PID*F****ILEX HELLERI HOLLY LANDSCAPER 3G BNPO4**1*EAPO1*0010*3*EA*9.2**VP*293298*SK*293298*UP*703287107102PID*F****ILEX DWF BURFORDI LANDSCAPER 3G BNPO4**1*EAPO1*0011*5*EA*9.2**VP*293317*SK*293317*UP*703287107119PID*F****LIGUSTRUM RECURVE LANDSCAPER 3G BNPO4**1*EAPO1*0012*9*EA*9.2**VP*293344*SK*293344*UP*703287107126PID*F****CUPRESSOCYPARIS LEYLAND LANDSC 3G BNPO4**1*EAPO1*0013*6*EA*2.7**VP*307357*SK*307357*UP*094392363676PID*F****HOSTA QUARTPO4**1*EAPO1*0014*1*EA*9**VP*310935*SK*310935*UP*094392350980PID*F****CLEMATIS W/ TRELLIS 2.75QTPO4**1*EAPO1*0015*2*EA*5.75**VP*311002*SK*311002*UP*094392005231PID*F****LILIUM ASIATIC 3.70QTPO4**1*EAPO1*0016*2*EA*3.95**VP*319150*SK*319150*UP*094392002322PID*F****HOSTA 2.75QTPO4**1*EAPO1*0017*2*EA*15.8**VP*320526*SK*320526*UP*703287107362PID*F****ACER RED MAPLE 5G BNPO4**1*EAPO1*0018*31*EA*3.75**VP*321759*SK*321759*UP*094392006047PID*F****PERENNIAL 2.75QTPO4**1*EAPO1*0019*1*EA*3.75**VP*321862*SK*321862*UP*094392350973PID*F****GROUNDCOVER 2.75QTPO4**1*EAPO1*0020*26*EA*2.7**VP*322253*SK*322253*UP*094392005644PID*F****PERENNIAL 1.06QTPO4**1*EAPO1*0021*5*EA*2.7**VP*322257*SK*322257*UP*094392363737PID*F****GROUNDCOVER 1.06QTPO4**1*EAPO1*0022*7*EA*1.55**VP*322574*SK*322574*UP*094392361658PID*F****GROUNDCOVER 1.11PTPO4**1*EAPO1*0023*3*EA*2.1**VP*342318*SK*342318*UP*855511000182PID*F****PETUNIA WAVE 1 PINTPO4**1*EAPO1*0024*13*EA*2.9**VP*447221*SK*447221*UP*048834111196PID*F****VIGORO SELECT PINT ANNUALPO4**1*EAPO1*0025*39*EA*2.9**VP*448075*SK*448075*UP*048834211124PID*F****VIGORO SELECT PINT ANNUALPO4**1*EAPO1*0026*7*EA*2.9**VP*452670*SK*452670*UP*048834511132PID*F****VIGORO 1PINT ANNUALPO4**1*EAPO1*0027*11*EA*5.9**VP*456422*SK*456422*UP*048834811126PID*F**** VIGORO SELECT GALLON ANNUALPO4**1*EAPO1*0028*9*EA*8.25**VP*470998*SK*470998*UP*724188002990PID*F****STRAW POT 6PKPO4**1*EAPO1*0029*3*EA*3.55**VP*548007*SK*548007*UP*703287101124PID*F****PERENNIAL .63G (2.38L) BNPO4**1*EAPO1*0030*5*EA*13.5**VP*549189*SK*549189*UP*703287100974PID*F****HIBISCUS BUSH PREM 2.33G (8.83L) BNPO4**1*EAPO1*0031*1*EA*18**VP*549383*SK*549383*UP*703287100981PID*F****HIBISCUS STD PREM 3G (11.35L) BNPO4**1*EAPO1*0032*7*EA*17**VP*549408*SK*549408*UP*703287101308PID*F****MANDEVILLA TRELLIS 2.33G (8.83L)BNPO4**1*EAPO1*0033*6*EA*8.25**VP*553208*SK*553208*UP*703287101872PID*F****TROPICAL FOLIAGE PREM 6 BNPO4**1*EAPO1*0034*1*EA*8**VP*553307*SK*553307*UP*703287101896PID*F****ANTHURIUM 6 BNPO4**1*EAPO1*0035*4*EA*25.5**VP*553997*SK*553997*UP*703287101988PID*F****TROPICAL FOLIAGE 10 ULTRA PREM BNPO4**1*EAPO1*0036*15*EA*9.8**VP*556570*SK*556570*UP*703287102114PID*F****HIBISCUS 7 BRAID BNPO4**1*EAPO1*0037*2*EA*3.6**VP*604260*SK*604260*UP*703287101155PID*F****PETUNIA WAVE 1.4QT(1.32L) BNPO4**1*EAPO1*0038*29*EA*8**VP*604327*SK*604327*UP*703287100080PID*F****FERN BOSTON 4.9QT(4.63L) BNPO4**1*EAPO1*0039*16*EA*2.85**VP*604366*SK*604366*UP*703287100127PID*F****GERBERA DAISY 1.39PT(.64L) BNPO4**1*EAPO1*0040*2*EA*5**VP*604392*SK*604392*UP*703287100370PID*F****LILY FLORAL 1.94QT(1.82L) BNPO4**1*EAPO1*0041*114*EA*.85**VP*604402*SK*604402*UP*703287100110PID*F****ANNUAL BEDDING PLANT .96PT(.45L) BNPO4**1*EAPO1*0042*3*EA*13.5**VP*604426*SK*604426*UP*703287101261PID*F****ANNUAL FIBER HB 1.34G(5.1L) BNPO4**1*EAPO1*0043*5*EA*1.65**VP*604429*SK*604429*UP*703287101605PID*F****ANNUAL ACCENT PLANT .96PT(.45L) BNPO4**1*EAPO1*0044*7*EA*2.72**VP*604457*SK*604457*UP*643952343629PID*F****GERANIUM ZONAL 1.52PT(.72L) BNPO4**1*EAPO1*0045*13*EA*5.9**VP*604493*SK*604493*UP*703287101537PID*F****ANNUAL SPECIALTY 2.6QT(2.46L)BNPO4**1*EAPO1*0046*38*EA*2.35**VP*604529*SK*604529*UP*725651500005PID*F****ANNUAL 1.4QT (1.32L) BNPO4**1*EAPO1*0047*7*EA*3.95**VP*604550*SK*604550*UP*703287100943PID*F****LIRIOPE .63G(2.38L) BNPO4**1*EAPO1*0048*6*EA*8.59**VP*604585*SK*604585*UP*703287100073PID*F****ANNUAL FLWG. PREM HB 4.9QT(4.63L) BNPO4**1*EAPO1*0049*9*EA*4.25**VP*604636*SK*604636*UP*703287100332PID*F****GERANIUM ZONAL 1.4QT(1.32L) BNPO4**1*EAPO1*0050*1*EA*5**VP*604662*SK*604662*UP*703287100318PID*F****SPECIAL PRICE 2-BELL NURSERYPO4**1*EAPO1*0051*2*EA*5**VP*609999*SK*609999*UP*703287101650PID*F****PANSY HALF FLAT .10QT(100ML)KWGPO4**1*EAPO1*0052*47*EA*5.15**VP*610170*SK*610170*UP*703287101599PID*F****ANNUAL HALF FLAT 0.091QT(86.83ML)KWGPO4**1*EAPO1*0053*6*EA*7.4**VP*610643*SK*610643*UP*703287101667PID*F****ANNUAL FULL FLAT 3.38OZ(100ML)KWGPO4**1*EAPO1*0054*3*EA*9.75**VP*651881*SK*651881*UP*703287102626PID*F****AZALEA ENCORE 1GPO4**1*EAPO1*0055*1*EA*8.4**VP*651884*SK*651884*UP*703287101025PID*F****FLORAL INDOOR 6IN ASSTPO4**1*EAPO1*0056*1*EA*16.9**VP*707782*SK*707782*UP*703287107171PID*F****PROVEN WINNER SHRUB 3G BNPO4**1*EAPO1*0057*1*EA*9.5**VP*854669*SK*854669*UP*703287105917PID*F****AZALEA PROMO 3G BNPO4**1*EAPO1*0058*1*EA*11.1**VP*854900*SK*854900*UP*703287105955PID*F****VACCINIUM BLUEBERRY 2G BNPO4**1*EAPO1*0059*1*EA*22.62**VP*855098*SK*855098*UP*703287105979PID*F****BUXUS SEMPERVIRENS BOXWOOD 5G BNPO4**1*EAPO1*0060*2*EA*15.96**VP*858431*SK*858431*UP*703287106273PID*F****LOROPETALUM ASST 3G BNPO4**1*EAPO1*0061*2*EA*5.32**VP*858860*SK*858860*UP*703287106327PID*F****NANDINA FIREPOWER 1G BNPO4**1*EAPO1*0062*1*EA*19.95**VP*898587*SK*898587*UP*703287103043PID*F****ARBORVITAE EMERALD GREEN 5G BNPO4**1*EAPO1*0063*1*EA*31.92**VP*898653*SK*898653*UP*703287103050PID*F****ARBORVITAE EMERALD GREEN 7G BNPO4**1*EAPO1*0064*7*EA*4.85**VP*899643*SK*899643*UP*703287103166PID*F****AZALEA 1G BNPO4**1*EAPO1*0065*7*EA*7.5**VP*900006*SK*900006*UP*703287103203PID*F****AZALEA BLOOM N AGAIN 1G BNPO4**1*EAPO1*0066*3*EA*5.15**VP*900732*SK*900732*UP*703287103272PID*F****BUXUS BOXWOOD ASST 1G BNPO4**1*EAPO1*0067*1*EA*60.63**VP*928650*SK*928650*UP*703287103678PID*F****CUPRESSOCYPARIS LEYLAND 15G BNPO4**1*EAPO1*0068*1*EA*1.75**VP*929438*SK*929438*UP*703287102695PID*F****AFRICAN VIOLET 4IN (393ML/13.30FLOZ)PO4**1*EAPO1*0069*1*EA*5.15**VP*929673*SK*929673*UP*703287103760PID*F****EUONYMUS ASST 1G BNPO4**1*EAPO1*0070*3*EA*14.09**VP*929772*SK*929772*UP*703287103791PID*F****EUONYMUS ASST 3G BNPO4**1*EAPO1*0071*1*EA*18**VP*929970*SK*929970*UP*703287103838PID*F****FORSYTHIA 4-5FT B/B BNPO4**1*EAPO1*0072*4*EA*16.02**VP*943731*SK*943731*UP*703287104521PID*F****ROSE KNOCKOUT 3G BNPO4**1*EAPO1*0073*1*EA*15**VP*944886*SK*944886*UP*703287104699PID*F****VIBURNUM ASST 3G BNPO4**1*EAPO1*0074*1*EA*22.25**VP*946503*SK*946503*UP*703287104804PID*F****WISTERIA STAKED 5G BNPO4**1*EAPO1*0075*15*EA*3**VP*957166*SK*957166*UP*703287101438PID*F****PROVEN WINNERS 4.5IN 1.31PT/619.8MLPO4**1*EAPO1*0076*3*EA*7.75**VP*974806*SK*974806*UP*094392364888PID*F****CORDYLINE 2.75QTPO4**1*EAPO1*0077*3*EA*8**VP*993169*SK*993169*UP*703287106440PID*F****ROSE NONO PATENT 2G BNPO4**1*EAPO1*0078*37*EA*4**VP*997327*SK*997327*UP*703287104705PID*F****FESCUE TALL TURF SOD 10 SQ FTPO4**1*EACTT*78*665AMT*TT*4274.1SE*247*000098900ST*850*000098903BEG*00*CN*43025486**20080429*4643025486CUR*BY*USDDTM*038*20080502N1*OB**92*4643N3*2324 ELSON GREEN AVENUEN4*VIRGINIA BEACH*VA*23462REF*DP*028REF*3J*0001REF*MR*0000071643PO1*0001*1*EA*2.45**VP*172815*SK*172815*UP*010602020580PID*F****ANGEL PLANT 3.8INPO4**1*EAPO1*0002*2*EA*21.31**VP*205545*SK*205545*UP*703287101797PID*F****GIFT READY - GROUP F BNPO4**1*EAPO1*0003*1*EA*59**VP*211968*SK*211968*UP*703287102398PID*F****SPECIMAN SHRUB 3 BNPO4**1*EAPO1*0004*1*EA*76**VP*230881*SK*230881*UP*703287106860PID*F****ACER JAP MAPLE PROMO 7G BNPO4**1*EAPO1*0005*3*EA*12**VP*230914*SK*230914*UP*703287106877PID*F****ACER JAP MAPLE 1G BNPO4**1*EAPO1*0006*1*EA*22.3**VP*231009*SK*231009*UP*703287106884PID*F****MAGNOLIA SAUCER 5G BNPO4**1*EAPO1*0007*1*EA*6.3**VP*282124*SK*282124*UP*094392363584PID*F****SALVIA MAY NIGHT 5.56LPO4**1*EAPO1*0008*1*EA*14.5**VP*292951*SK*292951*UP*703287107041PID*F****CLEYERA 3G BNPO4**1*EAPO1*0009*4*EA*2.7**VP*307357*SK*307357*UP*094392363676PID*F****HOSTA QUARTPO4**1*EAPO1*0010*4*EA*9**VP*310935*SK*310935*UP*094392350980PID*F****CLEMATIS W/ TRELLIS 2.75QTPO4**1*EAPO1*0011*22*EA*3.75**VP*321759*SK*321759*UP*094392006047PID*F****PERENNIAL 2.75QTPO4**1*EAPO1*0012*3*EA*3.75**VP*321862*SK*321862*UP*094392350973PID*F****GROUNDCOVER 2.75QTPO4**1*EAPO1*0013*14*EA*2.7**VP*322253*SK*322253*UP*094392005644PID*F****PERENNIAL 1.06QTPO4**1*EAPO1*0014*7*EA*2.7**VP*322257*SK*322257*UP*094392363737PID*F****GROUNDCOVER 1.06QTPO4**1*EAPO1*0015*3*EA*1.55**VP*322574*SK*322574*UP*094392361658PID*F****GROUNDCOVER 1.11PTPO4**1*EAPO1*0016*1*EA*11.9**VP*338323*SK*338323*UP*703287107133PID*F****FLOWERING TREE PROMO 5G BNPO4**1*EAPO1*0017*19*EA*2.9**VP*447221*SK*447221*UP*048834111196PID*F****VIGORO SELECT PINT ANNUALPO4**1*EAPO1*0018*19*EA*2.9**VP*448075*SK*448075*UP*048834211124PID*F****VIGORO SELECT PINT ANNUALPO4**1*EAPO1*0019*3*EA*5.9**VP*456114*SK*456114*UP*048834711136PID*F****VIGORO SELECT GALLON ANNUALPO4**1*EAPO1*0020*4*EA*5.9**VP*456333*SK*456333*UP*048834711174PID*F**** VIGORO SELECT GALLON ANNUALPO4**1*EAPO1*0021*13*EA*8.25**VP*470998*SK*470998*UP*724188002990PID*F****STRAW POT 6PKPO4**1*EAPO1*0022*1*EA*10.4**VP*518034*SK*518034*UP*703287102183PID*F****HOUSEPLANT 8 ANGEL HB BNPO4**1*EAPO1*0023*1*EA*3.55**VP*548007*SK*548007*UP*703287101124PID*F****PERENNIAL .63G (2.38L) BNPO4**1*EAPO1*0024*2*EA*13.5**VP*549189*SK*549189*UP*703287100974PID*F****HIBISCUS BUSH PREM 2.33G (8.83L) BNPO4**1*EAPO1*0025*2*EA*17**VP*549408*SK*549408*UP*703287101308PID*F****MANDEVILLA TRELLIS 2.33G (8.83L)BNPO4**1*EAPO1*0026*8*EA*8.25**VP*553208*SK*553208*UP*703287101872PID*F****TROPICAL FOLIAGE PREM 6 BNPO4**1*EAPO1*0027*4*EA*8**VP*553307*SK*553307*UP*703287101896PID*F****ANTHURIUM 6 BNPO4**1*EAPO1*0028*2*EA*12**VP*553437*SK*553437*UP*703287101933PID*F****TROPICAL FOLIAGE PREM 8 BNPO4**1*EAPO1*0029*4*EA*10.25**VP*553457*SK*553457*UP*703287101957PID*F****TROPICAL FOLIAGE PROMO 10 BNPO4**1*EAPO1*0030*1*EA*25.5**VP*553997*SK*553997*UP*703287101988PID*F****TROPICAL FOLIAGE 10 ULTRA PREM BNPO4**1*EAPO1*0031*2*EA*33**VP*554879*SK*554879*UP*703287102008PID*F****TROPICAL FOLIAGE 14 PROMO BNPO4**1*EAPO1*0032*1*EA*125**VP*556044*SK*556044*UP*703287102060PID*F****TROPICAL FOLIAGE 17 PREM BNPO4**1*EAPO1*0033*3*EA*5.75**VP*579507*SK*579507*UP*855511000342PID*F****PREMIUM COLOR VIVA! 2.5 QTPO4**1*EAPO1*0034*10*EA*3.6**VP*604260*SK*604260*UP*703287101155PID*F****PETUNIA WAVE 1.4QT(1.32L) BNPO4**1*EAPO1*0035*13*EA*8**VP*604327*SK*604327*UP*703287100080PID*F****FERN BOSTON 4.9QT(4.63L) BNPO4**1*EAPO1*0036*33*EA*2.85**VP*604366*SK*604366*UP*703287100127PID*F****GERBERA DAISY 1.39PT(.64L) BNPO4**1*EAPO1*0037*121*EA*.85**VP*604402*SK*604402*UP*703287100110PID*F****ANNUAL BEDDING PLANT .96PT(.45L) BNPO4**1*EAPO1*0038*3*EA*13.5**VP*604426*SK*604426*UP*703287101261PID*F****ANNUAL FIBER HB 1.34G(5.1L) BNPO4**1*EAPO1*0039*6*EA*1.65**VP*604429*SK*604429*UP*703287101605PID*F****ANNUAL ACCENT PLANT .96PT(.45L) BNPO4**1*EAPO1*0040*19*EA*2.72**VP*604457*SK*604457*UP*643952343629PID*F****GERANIUM ZONAL 1.52PT(.72L) BNPO4**1*EAPO1*0041*10*EA*5.9**VP*604493*SK*604493*UP*703287101537PID*F****ANNUAL SPECIALTY 2.6QT(2.46L)BNPO4**1*EAPO1*0042*50*EA*2.35**VP*604529*SK*604529*UP*725651500005PID*F****ANNUAL 1.4QT (1.32L) BNPO4**1*EAPO1*0043*1*EA*18**VP*604542*SK*604542*UP*703287100585PID*F****ANNUAL COCO LINED HB 152OZ(4.5L)BNPO4**1*EAPO1*0044*2*EA*1.5**VP*604577*SK*604577*UP*703287101568PID*F****GROUND COVER .96PT(.45L) BNPO4**1*EAPO1*0045*2*EA*8.59**VP*604585*SK*604585*UP*703287100073PID*F****ANNUAL FLWG. PREM HB 4.9QT(4.63L) BNPO4**1*EAPO1*0046*6*EA*4.25**VP*604636*SK*604636*UP*703287100332PID*F****GERANIUM ZONAL 1.4QT(1.32L) BNPO4**1*EAPO1*0047*11*EA*5.15**VP*610170*SK*610170*UP*703287101599PID*F****ANNUAL HALF FLAT 0.091QT(86.83ML)KWGPO4**1*EAPO1*0048*6*EA*7.4**VP*610643*SK*610643*UP*703287101667PID*F****ANNUAL FULL FLAT 3.38OZ(100ML)KWGPO4**1*EAPO1*0049*4*EA*2.02**VP*617188*SK*617188*UP*703287100554PID*F****SPECIAL MARKDOWN SKU $2.67-BNPO4**1*EAPO1*0050*8*EA*.9**VP*774323*SK*774323*UP*725651467513PID*F****PANSY 4.5IN VA GROWERSPO4**1*EAPO1*0051*1*EA*22.41**VP*855395*SK*855395*UP*703287105986PID*F****BUXUS SUFFRUTICOSA BOXWOOD 5G  BNPO4**1*EAPO1*0052*1*EA*42.5**VP*856121*SK*856121*UP*703287106020PID*F****PRUNUS SNOW FOUNTAIN CHERRY 10G BNPO4**1*EAPO1*0053*3*EA*1.75**VP*929438*SK*929438*UP*703287102695PID*F****AFRICAN VIOLET 4IN (393ML/13.30FLOZ)PO4**1*EAPO1*0054*15*EA*4.85**VP*930564*SK*930564*UP*703287103890PID*F****ILEX HOLLY ASST 1G BNPO4**1*EAPO1*0055*2*EA*15.15**VP*930729*SK*930729*UP*703287103906PID*F****ILEX HOLLY ASST 3G BNPO4**1*EAPO1*0056*8*EA*16.02**VP*943731*SK*943731*UP*703287104521PID*F****ROSE KNOCKOUT 3G BNPO4**1*EAPO1*0057*1*EA*13.94**VP*943929*SK*943929*UP*703287104545PID*F****ROSE ASST 3G BNPO4**1*EAPO1*0058*1*EA*15**VP*944886*SK*944886*UP*703287104699PID*F****VIBURNUM ASST 3G BNPO4**1*EAPO1*0059*10*EA*3**VP*957166*SK*957166*UP*703287101438PID*F****PROVEN WINNERS 4.5IN 1.31PT/619.8MLPO4**1*EAPO1*0060*1*EA*8**VP*993169*SK*993169*UP*703287106440PID*F****ROSE NONO PATENT 2G BNPO4**1*EAPO1*0061*4*EA*12.5**VP*993202*SK*993202*UP*703287106457PID*F****ROSE NON PATENT 3G BNPO4**1*EACTT*61*510AMT*TT*3124.97SE*196*000098903ST*850*000098904BEG*00*CN*45001523**20080429*4645001523CUR*BY*USDDTM*038*20080502N1*OB**92*4645N3*121 BURGESS ROADN4*HARRISONBURG*VA*22801REF*DP*028REF*3J*0001REF*MR*0000071643PO1*0001*1*EA*22**VP*211439*SK*211439*UP*703287102343PID*F****SHRUB ASST 5 BNPO4**1*EAPO1*0002*1*EA*1.85**VP*243552*SK*243552*UP*725651666008PID*F****ANNUAL 1G VA GROWERS VMIPO4**1*EAPO1*0003*1*EA*9.2**VP*293103*SK*293103*UP*703287107089PID*F****ILEX COMPACTA HOLLY LANDSCAPER 3G BNPO4**1*EAPO1*0004*1*EA*3.95**VP*319150*SK*319150*UP*094392002322PID*F****HOSTA 2.75QTPO4**1*EAPO1*0005*15*EA*3.75**VP*321759*SK*321759*UP*094392006047PID*F****PERENNIAL 2.75QTPO4**1*EAPO1*0006*15*EA*3.75**VP*321862*SK*321862*UP*094392003558PID*F****GROUNDCOVER 2.75QTPO4**1*EAPO1*0007*21*EA*2.7**VP*322253*SK*322253*UP*094392005644PID*F****PERENNIAL 1.06QTPO4**1*EAPO1*0008*9*EA*2.7**VP*322257*SK*322257*UP*094392363737PID*F****GROUNDCOVER 1.06QTPO4**1*EAPO1*0009*1*EA*1.55**VP*322574*SK*322574*UP*094392361658PID*F****GROUNDCOVER 1.11PTPO4**1*EAPO1*0010*36*EA*2.9**VP*448075*SK*448075*UP*048834211124PID*F****VIGORO SELECT PINT ANNUALPO4**1*EAPO1*0011*10*EA*2.9**VP*452670*SK*452670*UP*048834511132PID*F****VIGORO 1PINT ANNUALPO4**1*EAPO1*0012*1*EA*1.5**VP*487712*SK*487712*UP*010602020566PID*F****SUCCULENT LITHOPS 2INPO4**1*EAPO1*0013*1*EA*17**VP*549408*SK*549408*UP*703287101308PID*F****MANDEVILLA TRELLIS 2.33G (8.83L)BNPO4**1*EAPO1*0014*1*EA*8.25**VP*553208*SK*553208*UP*703287101872PID*F****TROPICAL FOLIAGE PREM 6 BNPO4**1*EAPO1*0015*2*EA*12**VP*553437*SK*553437*UP*703287101933PID*F****TROPICAL FOLIAGE PREM 8 BNPO4**1*EAPO1*0016*4*EA*9.8**VP*556570*SK*556570*UP*703287102114PID*F****HIBISCUS 7 BRAID BNPO4**1*EAPO1*0017*1*EA*3.6**VP*604260*SK*604260*UP*703287101155PID*F****PETUNIA WAVE 1.4QT(1.32L) BNPO4**1*EAPO1*0018*12*EA*8**VP*604327*SK*604327*UP*703287100080PID*F****FERN BOSTON 4.9QT(4.63L) BNPO4**1*EAPO1*0019*10*EA*2.85**VP*604366*SK*604366*UP*703287100127PID*F****GERBERA DAISY 1.39PT(.64L) BNPO4**1*EAPO1*0020*6*EA*.85**VP*604402*SK*604402*UP*703287100110PID*F****ANNUAL BEDDING PLANT .96PT(.45L) BNPO4**1*EAPO1*0021*2*EA*12**VP*604459*SK*604459*UP*703287100653PID*F****ANNUAL GARDEN BOWL 1.5G(6L) BNPO4**1*EAPO1*0022*2*EA*4.25**VP*604636*SK*604636*UP*703287100332PID*F****GERANIUM ZONAL 1.4QT(1.32L) BNPO4**1*EAPO1*0023*2*EA*5.15**VP*610170*SK*610170*UP*703287101599PID*F****ANNUAL HALF FLAT 0.091QT(86.83ML)KWGPO4**1*EAPO1*0024*1*EA*7.4**VP*610643*SK*610643*UP*703287101667PID*F****ANNUAL FULL FLAT 3.38OZ(100ML)KWGPO4**1*EAPO1*0025*1*EA*6**VP*619617*SK*619617*UP*092852038980PID*F****CRASSULA JADE 7IN CACHEPO4**1*EAPO1*0026*6*EA*11.1**VP*854900*SK*854900*UP*703287105955PID*F****VACCINIUM BLUEBERRY 2G BNPO4**1*EAPO1*0027*1*EA*42.75**VP*898093*SK*898093*UP*703287105221PID*F****FRUIT TREES ASST PREM 10G BNPO4**1*EAPO1*0028*1*EA*34.18**VP*903472*SK*903472*UP*703287105078PID*F****MALUS CRABAPPLE ASST PREM 7G BNPO4**1*EAPO1*0029*1*EA*14.74**VP*905584*SK*905584*UP*703287105269PID*F****PYRUS PEAR TREE DWARF 5G BNPO4**1*EAPO1*0030*1*EA*2.75**VP*922773*SK*922773*UP*092852000666PID*F****ALOE VERA 4INPO4**1*EAPO1*0031*2*EA*16.02**VP*943731*SK*943731*UP*703287104521PID*F****ROSE KNOCKOUT 3G BNPO4**1*EAPO1*0032*2*EA*8**VP*993169*SK*993169*UP*703287106440PID*F****ROSE NONO PATENT 2G BNPO4**1*EACTT*32*171AMT*TT*1076.72SE*109*000098904ST*850*000098907BEG*00*CN*50065863**20080429*4650065863CUR*BY*USDDTM*038*20080502N1*OB**92*4650N3*6921 WALTON LANEN4*GLOUCESTER*VA*23061REF*DP*028REF*3J*0001REF*MR*0000071643PO1*0001*1*EA*21.31**VP*205545*SK*205545*UP*703287101797PID*F****GIFT READY - GROUP F BNPO4**1*EAPO1*0002*3*EA*9.2**VP*293069*SK*293069*UP*703287107065PID*F****AZALEA LANDSCAPER 3G BNPO4**1*EAPO1*0003*1*EA*5.6**VP*315253*SK*315253*UP*094392009963PID*F****PERENNIAL 3.70QTPO4**1*EAPO1*0004*2*EA*3.95**VP*319150*SK*319150*UP*094392002322PID*F****HOSTA 2.75QTPO4**1*EAPO1*0005*3*EA*3.75**VP*321759*SK*321759*UP*094392006047PID*F****PERENNIAL 2.75QTPO4**1*EAPO1*0006*9*EA*2.7**VP*322253*SK*322253*UP*094392005644PID*F****PERENNIAL 1.06QTPO4**1*EAPO1*0007*10*EA*1.55**VP*322574*SK*322574*UP*094392361658PID*F****GROUNDCOVER 1.11PTPO4**1*EAPO1*0008*2*EA*2.9**VP*447221*SK*447221*UP*048834111196PID*F****VIGORO SELECT PINT ANNUALPO4**1*EAPO1*0009*31*EA*2.9**VP*448075*SK*448075*UP*048834211124PID*F****VIGORO SELECT PINT ANNUALPO4**1*EAPO1*0010*9*EA*2.9**VP*452670*SK*452670*UP*048834511132PID*F****VIGORO 1PINT ANNUALPO4**1*EAPO1*0011*4*EA*5.9**VP*456422*SK*456422*UP*048834811126PID*F**** VIGORO SELECT GALLON ANNUALPO4**1*EAPO1*0012*3*EA*10.4**VP*518034*SK*518034*UP*703287102183PID*F****HOUSEPLANT 8 ANGEL HB BNPO4**1*EAPO1*0013*1*EA*13.5**VP*549189*SK*549189*UP*703287100974PID*F****HIBISCUS BUSH PREM 2.33G (8.83L) BNPO4**1*EAPO1*0014*3*EA*17**VP*549408*SK*549408*UP*703287101308PID*F****MANDEVILLA TRELLIS 2.33G (8.83L)BNPO4**1*EAPO1*0015*1*EA*8.25**VP*553208*SK*553208*UP*703287101872PID*F****TROPICAL FOLIAGE PREM 6 BNPO4**1*EAPO1*0016*1*EA*18.5**VP*553769*SK*553769*UP*703287101971PID*F****TROPICAL FOLIAGE PREM 10 BNPO4**1*EAPO1*0017*1*EA*26.5**VP*554809*SK*554809*UP*703287101995PID*F****TROPICAL FOLIAGE 12 PREM BNPO4**1*EAPO1*0018*20*EA*8**VP*604327*SK*604327*UP*703287100080PID*F****FERN BOSTON 4.9QT(4.63L) BNPO4**1*EAPO1*0019*5*EA*2.85**VP*604366*SK*604366*UP*703287100127PID*F****GERBERA DAISY 1.39PT(.64L) BNPO4**1*EAPO1*0020*182*EA*.85**VP*604402*SK*604402*UP*703287100110PID*F****ANNUAL BEDDING PLANT .96PT(.45L) BNPO4**1*EAPO1*0021*2*EA*2.72**VP*604457*SK*604457*UP*643952343629PID*F****GERANIUM ZONAL 1.52PT(.72L) BNPO4**1*EAPO1*0022*10*EA*2.35**VP*604529*SK*604529*UP*725651500005PID*F****ANNUAL 1.4QT (1.32L) BNPO4**1*EAPO1*0023*1*EA*4.25**VP*604636*SK*604636*UP*703287100332PID*F****GERANIUM ZONAL 1.4QT(1.32L) BNPO4**1*EAPO1*0024*1*EA*9**VP*604661*SK*604661*UP*703287100301PID*F****SPECIAL PRICE 1- BELL NURSERYPO4**1*EAPO1*0025*13*EA*5.15**VP*610170*SK*610170*UP*703287101599PID*F****ANNUAL HALF FLAT 0.091QT(86.83ML)KWGPO4**1*EAPO1*0026*3*EA*7.4**VP*610643*SK*610643*UP*703287101667PID*F****ANNUAL FULL FLAT 3.38OZ(100ML)KWGPO4**1*EAPO1*0027*1*EA*20**VP*642380*SK*642380*UP*703287102534PID*F****ORCHID PHALAENOPSIS 6IN BNPO4**1*EAPO1*0028*5*EA*22**VP*651883*SK*651883*UP*703287102633PID*F****AZALEA ENCORE 3GPO4**1*EAPO1*0029*1*EA*4.35**VP*651895*SK*651895*UP*703287101049PID*F****FLORAL INDOOR 4.5IN ASST BNPO4**1*EAPO1*0030*2*EA*15**VP*858332*SK*858332*UP*703287106266PID*F****ACTINDIA KIWI 2G BNPO4**1*EAPO1*0031*3*EA*16.31**VP*900601*SK*900601*UP*703287104866PID*F****BETULA BIRCH CLUMP RIVER 5G BNPO4**1*EAPO1*0032*1*EA*22**VP*904363*SK*904363*UP*703287105177PID*F****CORNUS DOGWOOD PINK 5G BNPO4**1*EAPO1*0033*2*EA*30.21**VP*913999*SK*913999*UP*703287105870PID*F****SALIX WEEPING WILLOW 7G BNPO4**1*EAPO1*0034*1*EA*1.75**VP*929438*SK*929438*UP*703287102695PID*F****AFRICAN VIOLET 4IN (393ML/13.30FLOZ)PO4**1*EAPO1*0035*3*EA*4.85**VP*930564*SK*930564*UP*703287103890PID*F****ILEX HOLLY ASST 1G BNPO4**1*EAPO1*0036*2*EA*5.15**VP*942675*SK*942675*UP*703287104378PID*F****PINE MUGO 1G BNPO4**1*EAPO1*0037*1*EA*15**VP*944886*SK*944886*UP*703287104699PID*F****VIBURNUM ASST 3G BNPO4**1*EAPO1*0038*2*EA*7.56**VP*991288*SK*991288*UP*703287106365PID*F****PERENNIAL PREM ASST 8IN (4.1QT/3.9L)PO4**1*EAPO1*0039*3*EA*8**VP*993169*SK*993169*UP*703287106440PID*F****ROSE NONO PATENT 2G BNPO4**1*EAPO1*0040*1*EA*12.5**VP*993202*SK*993202*UP*703287106457PID*F****ROSE NON PATENT 3G BNPO4**1*EACTT*40*350AMT*TT*1576.77SE*133*000098907ST*850*000098908BEG*00*CN*53094106**20080429*4653094106CUR*BY*USDDTM*038*20080502N1*OB**92*4653N3*10233 LAKERIDGE PARKWAYN4*ASHLAND*VA*23005REF*DP*028REF*3J*0001REF*MR*0000071643PO1*0001*4*EA*5.75**VP*169547*SK*169547*UP*842276000649PID*F****VIVA SUNPATIENS 2.5QT S1PO4**1*EAPO1*0002*1*EA*22**VP*211439*SK*211439*UP*703287102343PID*F****SHRUB ASST 5 BNPO4**1*EAPO1*0003*1*EA*122**VP*212059*SK*212059*UP*703287102411PID*F****SPECIMAN TREE 2 BNPO4**1*EAPO1*0004*4*EA*12**VP*230914*SK*230914*UP*703287106877PID*F****ACER JAP MAPLE 1G BNPO4**1*EAPO1*0005*11*EA*4.2**VP*238197*SK*238197PID*F****SODMAN FESCUE ROLLPO4**1*EAPO1*0006*3*EA*6.3**VP*282124*SK*282124*UP*094392363584PID*F****SALVIA MAY NIGHT 5.56LPO4**1*EAPO1*0007*3*EA*9.2**VP*293103*SK*293103*UP*703287107089PID*F****ILEX COMPACTA HOLLY LANDSCAPER 3G BNPO4**1*EAPO1*0008*2*EA*9.2**VP*293231*SK*293231*UP*703287107096PID*F****ILEX HELLERI HOLLY LANDSCAPER 3G BNPO4**1*EAPO1*0009*1*EA*9.2**VP*293298*SK*293298*UP*703287107102PID*F****ILEX DWF BURFORDI LANDSCAPER 3G BNPO4**1*EAPO1*0010*2*EA*9.2**VP*293317*SK*293317*UP*703287107119PID*F****LIGUSTRUM RECURVE LANDSCAPER 3G BNPO4**1*EAPO1*0011*7*EA*2.7**VP*307357*SK*307357*UP*094392363676PID*F****HOSTA QUARTPO4**1*EAPO1*0012*5*EA*5.75**VP*315216*SK*315216*UP*094392006238PID*F****ORNAMENTAL GRASS 3.70QTPO4**1*EAPO1*0013*6*EA*3.95**VP*319150*SK*319150*UP*094392002322PID*F****HOSTA 2.75QTPO4**1*EAPO1*0014*14*EA*3.75**VP*321759*SK*321759*UP*094392006047PID*F****PERENNIAL 2.75QTPO4**1*EAPO1*0015*12*EA*2.7**VP*322253*SK*322253*UP*094392005644PID*F****PERENNIAL 1.06QTPO4**1*EAPO1*0016*4*EA*2.7**VP*322257*SK*322257*UP*094392363737PID*F****GROUNDCOVER 1.06QTPO4**1*EAPO1*0017*1*EA*17**VP*363673*SK*363673*UP*703287101704PID*F****HIBISCUS EXOTIC PERENNIAL 3G BNPO4**1*EAPO1*0018*23*EA*2.9**VP*447221*SK*447221*UP*048834111196PID*F****VIGORO SELECT PINT ANNUALPO4**1*EAPO1*0019*13*EA*2.9**VP*448075*SK*448075*UP*048834211124PID*F****VIGORO SELECT PINT ANNUALPO4**1*EAPO1*0020*5*EA*5.9**VP*456333*SK*456333*UP*048834711174PID*F**** VIGORO SELECT GALLON ANNUALPO4**1*EAPO1*0021*7*EA*5.9**VP*456422*SK*456422*UP*048834811126PID*F**** VIGORO SELECT GALLON ANNUALPO4**1*EAPO1*0022*1*EA*8.25**VP*470998*SK*470998*UP*724188002990PID*F****STRAW POT 6PKPO4**1*EAPO1*0023*2*EA*3.55**VP*548007*SK*548007*UP*703287101124PID*F****PERENNIAL .63G (2.38L) BNPO4**1*EAPO1*0024*2*EA*17**VP*549408*SK*549408*UP*703287101308PID*F****MANDEVILLA TRELLIS 2.33G (8.83L)BNPO4**1*EAPO1*0025*1*EA*8.25**VP*553208*SK*553208*UP*703287101872PID*F****TROPICAL FOLIAGE PREM 6 BNPO4**1*EAPO1*0026*5*EA*12**VP*553437*SK*553437*UP*703287101933PID*F****TROPICAL FOLIAGE PREM 8 BNPO4**1*EAPO1*0027*3*EA*10.25**VP*553457*SK*553457*UP*703287101957PID*F****TROPICAL FOLIAGE PROMO 10 BNPO4**1*EAPO1*0028*1*EA*26.5**VP*554809*SK*554809*UP*703287101995PID*F****TROPICAL FOLIAGE 12 PREM BNPO4**1*EAPO1*0029*4*EA*9.8**VP*556570*SK*556570*UP*703287102114PID*F****HIBISCUS 7 BRAID BNPO4**1*EAPO1*0030*2*EA*3.6**VP*604260*SK*604260*UP*703287101155PID*F****PETUNIA WAVE 1.4QT(1.32L) BNPO4**1*EAPO1*0031*4*EA*8**VP*604327*SK*604327*UP*703287100080PID*F****FERN BOSTON 4.9QT(4.63L) BNPO4**1*EAPO1*0032*71*EA*.85**VP*604402*SK*604402*UP*703287100110PID*F****ANNUAL BEDDING PLANT .96PT(.45L) BNPO4**1*EAPO1*0033*12*EA*1.65**VP*604429*SK*604429*UP*703287101605PID*F****ANNUAL ACCENT PLANT .96PT(.45L) BNPO4**1*EAPO1*0034*46*EA*2.35**VP*604529*SK*604529*UP*725651500005PID*F****ANNUAL 1.4QT (1.32L) BNPO4**1*EAPO1*0035*16*EA*8.59**VP*604585*SK*604585*UP*703287100073PID*F****ANNUAL FLWG. PREM HB 4.9QT(4.63L) BNPO4**1*EAPO1*0036*15*EA*4.25**VP*604636*SK*604636*UP*703287100332PID*F****GERANIUM ZONAL 1.4QT(1.32L) BNPO4**1*EAPO1*0037*12*EA*5.15**VP*610170*SK*610170*UP*703287101599PID*F****ANNUAL HALF FLAT 0.091QT(86.83ML)KWGPO4**1*EAPO1*0038*13*EA*7.4**VP*610643*SK*610643*UP*703287101667PID*F****ANNUAL FULL FLAT 3.38OZ(100ML)KWGPO4**1*EAPO1*0039*2*EA*16.9**VP*707782*SK*707782*UP*703287107171PID*F****PROVEN WINNER SHRUB 3G BNPO4**1*EAPO1*0040*5*EA*5.32**VP*858860*SK*858860*UP*703287106327PID*F****NANDINA FIREPOWER 1G BNPO4**1*EAPO1*0041*1*EA*4.85**VP*899643*SK*899643*UP*703287103166PID*F****AZALEA 1G BNPO4**1*EAPO1*0042*2*EA*5.15**VP*928353*SK*928353*UP*703287103616PID*F****CUPRESSOCYPARIS LEYLAND 1G BNPO4**1*EAPO1*0043*1*EA*4.85**VP*930564*SK*930564*UP*703287103890PID*F****ILEX HOLLY ASST 1G BNPO4**1*EAPO1*0044*6*EA*3.9**VP*932214*SK*932214*UP*703287104101PID*F****JUNIPER ASST 1G BNPO4**1*EAPO1*0045*2*EA*13.94**VP*934920*SK*934920*UP*703287104293PID*F****NANDINA FIREPOWER 3G BNPO4**1*EAPO1*0046*4*EA*16.02**VP*943731*SK*943731*UP*703287104521PID*F****ROSE KNOCKOUT 3G BNPO4**1*EAPO1*0047*3*EA*4.86**VP*944358*SK*944358*UP*703287104613PID*F****PICEA BIRDS NEST SPRUCE 1G BNPO4**1*EAPO1*0048*1*EA*15**VP*944886*SK*944886*UP*703287104699PID*F****VIBURNUM ASST 3G BNPO4**1*EAPO1*0049*3*EA*3**VP*957166*SK*957166*UP*703287101438PID*F****PROVEN WINNERS 4.5IN 1.31PT/619.8MLPO4**1*EAPO1*0050*2*EA*7.75**VP*974806*SK*974806*UP*094392364888PID*F****CORDYLINE 2.75QTPO4**1*EAPO1*0051*1*EA*8**VP*993169*SK*993169*UP*703287106440PID*F****ROSE NONO PATENT 2G BNPO4**1*EAPO1*0052*13*EA*4**VP*997327*SK*997327*UP*703287104705PID*F****FESCUE TALL TURF SOD 10 SQ FTPO4**1*EACTT*52*385AMT*TT*2359.92SE*169*000098908ST*850*000098909BEG*00*CN*54004203**20080429*4654004203CUR*BY*USDDTM*038*20080502N1*OB**92*4654N3*31 WINDIGROVE ROADN4*WAYNESBORO*VA*22980REF*DP*028REF*3J*0001REF*MR*0000071643PO1*0001*1*EA*21.31**VP*205545*SK*205545*UP*703287101797PID*F****GIFT READY - GROUP F BNPO4**1*EAPO1*0002*1*EA*14.65**VP*210833*SK*210833*UP*703287102329PID*F****SHRUB ASST 3 BNPO4**1*EAPO1*0003*2*EA*59**VP*211968*SK*211968*UP*703287102398PID*F****SPECIMAN SHRUB 3 BNPO4**1*EAPO1*0004*3*EA*12**VP*230914*SK*230914*UP*703287106877PID*F****ACER JAP MAPLE 1G BNPO4**1*EAPO1*0005*2*EA*5.75**VP*311002*SK*311002*UP*094392005231PID*F****LILIUM ASIATIC 3.70QTPO4**1*EAPO1*0006*2*EA*3.95**VP*319150*SK*319150*UP*094392002322PID*F****HOSTA 2.75QTPO4**1*EAPO1*0007*14*EA*3.75**VP*321759*SK*321759*UP*094392006047PID*F****PERENNIAL 2.75QTPO4**1*EAPO1*0008*1*EA*2.9**VP*448075*SK*448075*UP*048834211124PID*F****VIGORO SELECT PINT ANNUALPO4**1*EAPO1*0009*2*EA*8.25**VP*553208*SK*553208*UP*703287101872PID*F****TROPICAL FOLIAGE PREM 6 BNPO4**1*EAPO1*0010*2*EA*12**VP*553437*SK*553437*UP*703287101933PID*F****TROPICAL FOLIAGE PREM 8 BNPO4**1*EAPO1*0011*1*EA*10.25**VP*553457*SK*553457*UP*703287101957PID*F****TROPICAL FOLIAGE PROMO 10 BNPO4**1*EAPO1*0012*1*EA*9.8**VP*556570*SK*556570*UP*703287102114PID*F****HIBISCUS 7 BRAID BNPO4**1*EAPO1*0013*5*EA*2.85**VP*604366*SK*604366*UP*703287100127PID*F****GERBERA DAISY 1.39PT(.64L) BNPO4**1*EAPO1*0014*1*EA*15**VP*604379*SK*604379*UP*703287101360PID*F****ANNUAL PATIO COLOR 3.4G(12.9L) BNPO4**1*EAPO1*0015*8*EA*2.35**VP*604529*SK*604529*UP*703287100363PID*F****ANNUAL 1.4QT (1.32L) BNPO4**1*EAPO1*0016*1*EA*18**VP*604542*SK*604542*UP*703287100585PID*F****ANNUAL COCO LINED HB 152OZ(4.5L)BNPO4**1*EAPO1*0017*2*EA*.85**VP*604602*SK*604602*UP*703287100721PID*F****PANSY .96PT(.45L) BNPO4**1*EAPO1*0018*3*EA*5**VP*609999*SK*609999*UP*703287101650PID*F****PANSY HALF FLAT .10QT(100ML)KWGPO4**1*EAPO1*0019*1*EA*5.15**VP*610170*SK*610170*UP*703287101599PID*F****ANNUAL HALF FLAT 0.091QT(86.83ML)KWGPO4**1*EAPO1*0020*2*EA*7.4**VP*610643*SK*610643*UP*703287101667PID*F****ANNUAL FULL FLAT 3.38OZ(100ML)KWGPO4**1*EAPO1*0021*4*EA*11.1**VP*854900*SK*854900*UP*703287105955PID*F****VACCINIUM BLUEBERRY 2G BNPO4**1*EAPO1*0022*1*EA*15**VP*858332*SK*858332*UP*703287106266PID*F****ACTINDIA KIWI 2G BNPO4**1*EAPO1*0023*1*EA*22**VP*904363*SK*904363*UP*703287105177PID*F****CORNUS DOGWOOD PINK 5G BNPO4**1*EACTT*23*61AMT*TT*671.99SE*82*000098909ST*850*000098910BEG*00*CN*55087897**20080429*4655087897CUR*BY*USDDTM*038*20080502N1*OB**92*4655N3*7902 GRAVES MILL ROADN4*LYNCHBURG*VA*24504REF*DP*028REF*3J*0001REF*MR*0000071643PO1*0001*3*EA*12**VP*230914*SK*230914*UP*703287106877PID*F****ACER JAP MAPLE 1G BNPO4**1*EAPO1*0002*15*EA*4.6**VP*238197*SK*238197PID*F****SODMAN FESCUE ROLLPO4**1*EAPO1*0003*7*EA*1.15**VP*263623*SK*263623*UP*725651402002PID*F****PANSY 6PK VA GROWERS VMIPO4**1*EAPO1*0004*1*EA*2.05**VP*270232*SK*270232*UP*703287107423PID*F****CACTI/SUCC 2.5IN(5.8FL OZ/16ML) BNPO4**1*EAPO1*0005*1*EA*3.1**VP*271056*SK*271056*UP*703287107430PID*F****CACTI/SUCC 3.25IN (8.2FL OZ/235ML)BNPO4**1*EAPO1*0006*3*EA*14.5**VP*292951*SK*292951*UP*703287107041PID*F****CLEYERA 3G BNPO4**1*EAPO1*0007*4*EA*9.2**VP*293069*SK*293069*UP*703287107065PID*F****AZALEA LANDSCAPER 3G BNPO4**1*EAPO1*0008*3*EA*9.2**VP*293317*SK*293317*UP*703287107119PID*F****LIGUSTRUM RECURVE LANDSCAPER 3G BNPO4**1*EAPO1*0009*16*EA*9.2**VP*293344*SK*293344*UP*703287107126PID*F****CUPRESSOCYPARIS LEYLAND LANDSC 3G BNPO4**1*EAPO1*0010*1*EA*2.7**VP*307357*SK*307357*UP*094392363676PID*F****HOSTA QUARTPO4**1*EAPO1*0011*25*EA*3.75**VP*321759*SK*321759*UP*094392006047PID*F****PERENNIAL 2.75QTPO4**1*EAPO1*0012*9*EA*2.7**VP*322253*SK*322253*UP*094392005644PID*F****PERENNIAL 1.06QTPO4**1*EAPO1*0013*11*EA*2.7**VP*322257*SK*322257*UP*094392363737PID*F****GROUNDCOVER 1.06QTPO4**1*EAPO1*0014*6*EA*1.55**VP*322574*SK*322574*UP*094392361658PID*F****GROUNDCOVER 1.11PTPO4**1*EAPO1*0015*18*EA*2.1**VP*342318*SK*342318*UP*855511000182PID*F****PETUNIA WAVE 1 PINTPO4**1*EAPO1*0016*12*EA*2.9**VP*447221*SK*447221*UP*048834111196PID*F****VIGORO SELECT PINT ANNUALPO4**1*EAPO1*0017*21*EA*2.9**VP*448075*SK*448075*UP*048834211124PID*F****VIGORO SELECT PINT ANNUALPO4**1*EAPO1*0018*1*EA*2.9**VP*452670*SK*452670*UP*048834511132PID*F****VIGORO 1PINT ANNUALPO4**1*EAPO1*0019*3*EA*5.9**VP*456422*SK*456422*UP*048834811126PID*F**** VIGORO SELECT GALLON ANNUALPO4**1*EAPO1*0020*3*EA*8.25**VP*470998*SK*470998*UP*724188002990PID*F****STRAW POT 6PKPO4**1*EAPO1*0021*3*EA*3.55**VP*548007*SK*548007*UP*703287101124PID*F****PERENNIAL .63G (2.38L) BNPO4**1*EAPO1*0022*1*EA*7**VP*548361*SK*548361*UP*703287101117PID*F****PERENNIAL 1.66G (6.28L) BNPO4**1*EAPO1*0023*2*EA*8.25**VP*553208*SK*553208*UP*703287101872PID*F****TROPICAL FOLIAGE PREM 6 BNPO4**1*EAPO1*0024*2*EA*10.25**VP*553457*SK*553457*UP*703287101957PID*F****TROPICAL FOLIAGE PROMO 10 BNPO4**1*EAPO1*0025*1*EA*33**VP*554879*SK*554879*UP*703287102008PID*F****TROPICAL FOLIAGE 14 PROMO BNPO4**1*EAPO1*0026*5*EA*3.6**VP*604260*SK*604260*UP*703287101155PID*F****PETUNIA WAVE 1.4QT(1.32L) BNPO4**1*EAPO1*0027*2*EA*8**VP*604327*SK*604327*UP*703287100080PID*F****FERN BOSTON 4.9QT(4.63L) BNPO4**1*EAPO1*0028*106*EA*.85**VP*604402*SK*604402*UP*703287100110PID*F****ANNUAL BEDDING PLANT .96PT(.45L) BNPO4**1*EAPO1*0029*1*EA*13.5**VP*604426*SK*604426*UP*703287101261PID*F****ANNUAL FIBER HB 1.34G(5.1L) BNPO4**1*EAPO1*0030*2*EA*1.65**VP*604429*SK*604429*UP*703287101605PID*F****ANNUAL ACCENT PLANT .96PT(.45L) BNPO4**1*EAPO1*0031*1*EA*12**VP*604459*SK*604459*UP*703287100653PID*F****ANNUAL GARDEN BOWL 1.5G(6L) BNPO4**1*EAPO1*0032*2*EA*5.9**VP*604493*SK*604493*UP*703287101537PID*F****ANNUAL SPECIALTY 2.6QT(2.46L)BNPO4**1*EAPO1*0033*10*EA*2.35**VP*604529*SK*604529*UP*703287100363PID*F****ANNUAL 1.4QT (1.32L) BNPO4**1*EAPO1*0034*1*EA*18**VP*604542*SK*604542*UP*703287100585PID*F****ANNUAL COCO LINED HB 152OZ(4.5L)BNPO4**1*EAPO1*0035*9*EA*1.5**VP*604577*SK*604577*UP*703287101568PID*F****GROUND COVER .96PT(.45L) BNPO4**1*EAPO1*0036*1*EA*8.59**VP*604585*SK*604585*UP*703287100073PID*F****ANNUAL FLWG. PREM HB 4.9QT(4.63L) BNPO4**1*EAPO1*0037*38*EA*4.25**VP*604636*SK*604636*UP*703287100332PID*F****GERANIUM ZONAL 1.4QT(1.32L) BNPO4**1*EAPO1*0038*2*EA*5.15**VP*610170*SK*610170*UP*703287101599PID*F****ANNUAL HALF FLAT 0.091QT(86.83ML)KWGPO4**1*EAPO1*0039*10*EA*7.4**VP*610643*SK*610643*UP*703287101667PID*F****ANNUAL FULL FLAT 3.38OZ(100ML)KWGPO4**1*EAPO1*0040*3*EA*9.75**VP*651881*SK*651881*UP*703287102626PID*F****AZALEA ENCORE 1GPO4**1*EAPO1*0041*5*EA*2.1**VP*854405*SK*854405*UP*703287105900PID*F****AZALEA PROMO 1G BNPO4**1*EAPO1*0042*1*EA*5.32**VP*858860*SK*858860*UP*703287106327PID*F****NANDINA FIREPOWER 1G BNPO4**1*EAPO1*0043*1*EA*8.41**VP*872783*SK*872783*UP*094392364550PID*F****ROSE SHRUB 1GPO4**1*EAPO1*0044*4*EA*31.92**VP*898653*SK*898653*UP*703287103050PID*F****ARBORVITAE EMERALD GREEN 7G BNPO4**1*EAPO1*0045*1*EA*4.85**VP*899643*SK*899643*UP*703287103166PID*F****AZALEA 1G BNPO4**1*EAPO1*0046*2*EA*8.63**VP*927502*SK*927502*UP*703287106730PID*F****RUBUS RASPBERRY FORMOSA GC 1G BNPO4**1*EAPO1*0047*4*EA*1.75**VP*929438*SK*929438*UP*703287102695PID*F****AFRICAN VIOLET 4IN (393ML/13.30FLOZ)PO4**1*EAPO1*0048*8*EA*3.9**VP*932214*SK*932214*UP*703287104101PID*F****JUNIPER ASST 1G BNPO4**1*EAPO1*0049*4*EA*16.02**VP*943731*SK*943731*UP*703287104521PID*F****ROSE KNOCKOUT 3G BNPO4**1*EAPO1*0050*3*EA*3**VP*957166*SK*957166*UP*703287101438PID*F****PROVEN WINNERS 4.5IN 1.31PT/619.8MLPO4**1*EAPO1*0051*1*EA*9.75**VP*957745*SK*957745*UP*703287100882PID*F****HYDRANGEA FLORAL 6IN 4 BLOOMS BNPO4**1*EAPO1*0052*1*EA*8**VP*993169*SK*993169*UP*703287106440PID*F****ROSE NONO PATENT 2G BNPO4**1*EACTT*52*400AMT*TT*2053.69SE*169*000098910GE*29*3265IEA*00001*000003461
ISA*00*          *00*          *14*0722717110100  *12*8048836527     *080429*0131*|*00406*000003462*0*P*>GS*PO*072271711*8048836527*20080429*0131*3266*X*004060ST*850*000098924BEG*00*CN*11011645**20080429*3611011645CUR*BY*USDDTM*038*20080508N1*OB**92*3611N3*2800 RALEIGH RD PKWY WN4*WILSON*NC*27893REF*DP*028REF*3J*0039REF*MR*0000071643PO1*0001*1*EA*12**VP*230914*SK*230914*UP*703287106877PID*F****ACER JAP MAPLE 1G BNPO4**1*EAPO1*0002*1*EA*5.8**VP*319080*SK*319080*UP*094392363713PID*F****FERNS PREMIUMS 2.75QTPO4**1*EAPO1*0003*5*EA*3.75**VP*321862*SK*321862*UP*094392003558PID*F****GROUNDCOVER 2.75QTPO4**1*EAPO1*0004*8*EA*1.55**VP*322574*SK*322574*UP*094392361658PID*F****GROUNDCOVER 1.11PTPO4**1*EAPO1*0005*2*EA*2.85**VP*444909*SK*444909*UP*048834111134PID*F****VIGORO SELECT PINT ANNUALPO4**1*EAPO1*0006*4*EA*2.9**VP*452670*SK*452670*UP*048834511132PID*F****VIGORO SELECT CA QT ANNUALPO4**1*EAPO1*0007*9*EA*5.9**VP*456422*SK*456422*UP*048834811126PID*F**** VIGORO SELECT GALLON ANNUALPO4**1*EAPO1*0008*2*EA*4.25**VP*548007*SK*548007*UP*703287101124PID*F****PERENNIAL .63G (2.38L) BNPO4**1*EAPO1*0009*2*EA*13**VP*556360*SK*556360*UP*703287102138PID*F****BROMELIAD 6 BNPO4**1*EAPO1*0010*1*EA*2.85**VP*604366*SK*604366*UP*703287100127PID*F****GERBERA DAISY 1.39PT(.64L) BNPO4**1*EAPO1*0011*6*EA*.85**VP*604402*SK*604402*UP*703287100110PID*F****ANNUAL BEDDING PLANT .96PT(.45L) BNPO4**1*EAPO1*0012*2*EA*1.65**VP*604429*SK*604429*UP*703287101605PID*F****ANNUAL ACCENT PLANT .96PT(.45L) BNPO4**1*EAPO1*0013*10*EA*2.35**VP*604529*SK*604529*UP*703287100363PID*F****ANNUAL 1.4QT (1.32L) BNPO4**1*EAPO1*0014*1*EA*8.59**VP*604585*SK*604585*UP*043905300295PID*F****ANNUAL FLWG. PREM HB 4.9QT(4.63L) BNPO4**1*EAPO1*0015*1*EA*5.15**VP*610170*SK*610170*UP*703287101599PID*F****ANNUAL HALF FLAT 0.091QT(86.83ML)KWGPO4**1*EAPO1*0016*1*EA*7.4**VP*610643*SK*610643*UP*703287101667PID*F****ANNUAL FULL FLAT 3.38OZ(100ML)KWGPO4**1*EAPO1*0017*4*EA*2.1**VP*820037*SK*820037*UP*703287107225PID*F****SUCCULENT 2.5"Z COVERS-5.8FL OZ/16MLPO4**1*EACTT*17*60AMT*TT*287.17SE*64*000098924ST*850*000098925BEG*00*CN*31031777**20080429*3631031777CUR*BY*USDDTM*038*20080502N1*OB**92*3631N3*2540 TIMBER DRN4*GARNER*NC*27529REF*DP*028REF*3J*0001REF*MR*0000071643PO1*0001*2*EA*21.31**VP*205545*SK*205545*UP*703287101797PID*F****GIFT READY - GROUP F BNPO4**1*EAPO1*0002*1*EA*12**VP*230914*SK*230914*UP*703287106877PID*F****ACER JAP MAPLE 1G BNPO4**1*EAPO1*0003*4*EA*5.75**VP*315216*SK*315216*UP*094392006238PID*F****ORNAMENTAL GRASS 3.70QTPO4**1*EAPO1*0004*7*EA*3.95**VP*319150*SK*319150*UP*094392002322PID*F****HOSTA 2.75QTPO4**1*EAPO1*0005*17*EA*3.75**VP*321759*SK*321759*UP*094392006047PID*F****PERENNIAL 2.75QTPO4**1*EAPO1*0006*1*EA*3.75**VP*321862*SK*321862*UP*094392003558PID*F****GROUNDCOVER 2.75QTPO4**1*EAPO1*0007*6*EA*2.7**VP*322253*SK*322253*UP*094392005644PID*F****PERENNIAL 1.06QTPO4**1*EAPO1*0008*12*EA*1.55**VP*322574*SK*322574*UP*094392361658PID*F****GROUNDCOVER 1.11PTPO4**1*EAPO1*0009*2*EA*2.9**VP*448075*SK*448075*UP*048834211124PID*F****VIGORO SELECT PINT ANNUALPO4**1*EAPO1*0010*12*EA*2.9**VP*452670*SK*452670*UP*048834511132PID*F****VIGORO 1PINT ANNUALPO4**1*EAPO1*0011*4*EA*5.9**VP*456422*SK*456422*UP*048834811126PID*F**** VIGORO SELECT GALLON ANNUALPO4**1*EAPO1*0012*1*EA*17**VP*549408*SK*549408*UP*703287101308PID*F****MANDEVILLA TRELLIS 2.33G (8.83L)BNPO4**1*EAPO1*0013*1*EA*8.25**VP*553208*SK*553208*UP*703287101872PID*F****TROPICAL FOLIAGE PREM 6 BNPO4**1*EAPO1*0014*1*EA*8**VP*553307*SK*553307*UP*703287101896PID*F****ANTHURIUM 6 BNPO4**1*EAPO1*0015*1*EA*10.25**VP*553457*SK*553457*UP*703287101957PID*F****TROPICAL FOLIAGE PROMO 10 BNPO4**1*EAPO1*0016*3*EA*25.5**VP*553997*SK*553997*UP*703287101988PID*F****TROPICAL FOLIAGE 10 ULTRA PREM BNPO4**1*EAPO1*0017*7*EA*8**VP*604327*SK*604327*UP*703287100080PID*F****FERN BOSTON 4.9QT(4.63L) BNPO4**1*EAPO1*0018*1*EA*5.6**VP*604358*SK*604358*UP*703287100257PID*F****CALADIUM 1.4QT(1.32L) BNPO4**1*EAPO1*0019*1*EA*2.85**VP*604366*SK*604366*UP*703287100127PID*F****GERBERA DAISY 1.39PT(.64L) BNPO4**1*EAPO1*0020*36*EA*.85**VP*604402*SK*604402*UP*703287100110PID*F****ANNUAL BEDDING PLANT .96PT(.45L) BNPO4**1*EAPO1*0021*9*EA*1.65**VP*604429*SK*604429*UP*703287101605PID*F****ANNUAL ACCENT PLANT .96PT(.45L) BNPO4**1*EAPO1*0022*12*EA*2.35**VP*604529*SK*604529*UP*703287100363PID*F****ANNUAL 1.4QT (1.32L) BNPO4**1*EAPO1*0023*4*EA*4.25**VP*604636*SK*604636*UP*703287100332PID*F****GERANIUM ZONAL 1.4QT(1.32L) BNPO4**1*EAPO1*0024*1*EA*5.15**VP*610170*SK*610170*UP*703287101599PID*F****ANNUAL HALF FLAT 0.091QT(86.83ML)KWGPO4**1*EAPO1*0025*5*EA*7.4**VP*610643*SK*610643*UP*703287101667PID*F****ANNUAL FULL FLAT 3.38OZ(100ML)KWGPO4**1*EAPO1*0026*3*EA*11.92**VP*617160*SK*617160*UP*703287100431PID*F****SPECIAL MARKDOWN SKU $14.99-BNPO4**1*EAPO1*0027*3*EA*2.02**VP*617188*SK*617188*UP*703287100554PID*F****SPECIAL MARKDOWN SKU $2.67-BNPO4**1*EAPO1*0028*3*EA*4.35**VP*651895*SK*651895*UP*703287101049PID*F****FLORAL INDOOR 4.5IN ASST BNPO4**1*EAPO1*0029*6*EA*4.85**VP*899643*SK*899643*UP*703287103166PID*F****AZALEA 1G BNPO4**1*EAPO1*0030*2*EA*7.5**VP*900006*SK*900006*UP*703287103203PID*F****AZALEA BLOOM N AGAIN 1G BNPO4**1*EAPO1*0031*1*EA*14.74**VP*905584*SK*905584*UP*703287105269PID*F****PYRUS PEAR TREE DWARF 5G BNPO4**1*EAPO1*0032*4*EA*16.02**VP*943731*SK*943731*UP*703287104521PID*F****ROSE KNOCKOUT 3G BNPO4**1*EAPO1*0033*3*EA*7.56**VP*991288*SK*991288*UP*703287106365PID*F****PERENNIAL PREM ASST 8IN (4.1QT/3.9L)PO4**1*EAPO1*0034*2*EA*8**VP*993169*SK*993169*UP*703287106440PID*F****ROSE NONO PATENT 2G BNPO4**1*EACTT*34*178AMT*TT*1021.58SE*115*000098925ST*850*000098934BEG*00*CN*09089707**20080429*4609089707CUR*BY*USDDTM*038*20080502N1*OB**92*4609N3*3217 HERSHBERGER RD NWN4*ROANOKE*VA*24017REF*DP*028REF*3J*0001REF*MR*0000071643PO1*0001*1*EA*18.25**VP*210966*SK*210966*UP*703287102336PID*F****SHRUB ASST 4 BNPO4**1*EAPO1*0002*1*EA*12**VP*230914*SK*230914*UP*703287106877PID*F****ACER JAP MAPLE 1G BNPO4**1*EAPO1*0003*8*EA*9.2**VP*293069*SK*293069*UP*703287107065PID*F****AZALEA LANDSCAPER 3G BNPO4**1*EAPO1*0004*4*EA*9.2**VP*293103*SK*293103*UP*703287107089PID*F****ILEX COMPACTA HOLLY LANDSCAPER 3G BNPO4**1*EAPO1*0005*12*EA*9.2**VP*293298*SK*293298*UP*703287107102PID*F****ILEX DWF BURFORDI LANDSCAPER 3G BNPO4**1*EAPO1*0006*6*EA*9.2**VP*293317*SK*293317*UP*703287107119PID*F****LIGUSTRUM RECURVE LANDSCAPER 3G BNPO4**1*EAPO1*0007*28*EA*2.7**VP*307357*SK*307357*UP*094392363676PID*F****HOSTA QUARTPO4**1*EAPO1*0008*1*EA*5.75**VP*311002*SK*311002*UP*094392005231PID*F****LILIUM ASIATIC 3.70QTPO4**1*EAPO1*0009*26*EA*3.75**VP*321759*SK*321759*UP*094392006047PID*F****PERENNIAL 2.75QTPO4**1*EAPO1*0010*2*EA*2.7**VP*322257*SK*322257*UP*094392363737PID*F****GROUNDCOVER 1.06QTPO4**1*EAPO1*0011*18*EA*1.55**VP*322574*SK*322574*UP*094392361658PID*F****GROUNDCOVER 1.11PTPO4**1*EAPO1*0012*6*EA*2.9**VP*448075*SK*448075*UP*048834211124PID*F****VIGORO SELECT PINT ANNUALPO4**1*EAPO1*0013*3*EA*2.9**VP*452670*SK*452670*UP*048834511132PID*F****VIGORO 1PINT ANNUALPO4**1*EAPO1*0014*4*EA*8.25**VP*470998*SK*470998*UP*724188002990PID*F****STRAW POT 6PKPO4**1*EAPO1*0015*10*EA*3.55**VP*548007*SK*548007*UP*703287101124PID*F****PERENNIAL .63G (2.38L) BNPO4**1*EAPO1*0016*1*EA*8.25**VP*553208*SK*553208*UP*703287101872PID*F****TROPICAL FOLIAGE PREM 6 BNPO4**1*EAPO1*0017*1*EA*8**VP*553307*SK*553307*UP*703287101896PID*F****ANTHURIUM 6 BNPO4**1*EAPO1*0018*2*EA*10.25**VP*553457*SK*553457*UP*703287101957PID*F****TROPICAL FOLIAGE PROMO 10 BNPO4**1*EAPO1*0019*40*EA*8**VP*604327*SK*604327*UP*703287100080PID*F****FERN BOSTON 4.9QT(4.63L) BNPO4**1*EAPO1*0020*6*EA*2.85**VP*604366*SK*604366*UP*703287100127PID*F****GERBERA DAISY 1.39PT(.64L) BNPO4**1*EAPO1*0021*67*EA*.85**VP*604402*SK*604402*UP*703287100110PID*F****ANNUAL BEDDING PLANT .96PT(.45L) BNPO4**1*EAPO1*0022*4*EA*1.65**VP*604429*SK*604429*UP*703287101605PID*F****ANNUAL ACCENT PLANT .96PT(.45L) BNPO4**1*EAPO1*0023*20*EA*2.35**VP*604529*SK*604529*UP*703287100363PID*F****ANNUAL 1.4QT (1.32L) BNPO4**1*EAPO1*0024*1*EA*18**VP*604542*SK*604542*UP*703287100585PID*F****ANNUAL COCO LINED HB 152OZ(4.5L)BNPO4**1*EAPO1*0025*37*EA*1.5**VP*604577*SK*604577*UP*703287101568PID*F****GROUND COVER .96PT(.45L) BNPO4**1*EAPO1*0026*3*EA*8.59**VP*604585*SK*604585*UP*703287100073PID*F****ANNUAL FLWG. PREM HB 4.9QT(4.63L) BNPO4**1*EAPO1*0027*8*EA*4.25**VP*604636*SK*604636*UP*703287100332PID*F****GERANIUM ZONAL 1.4QT(1.32L) BNPO4**1*EAPO1*0028*8*EA*5.15**VP*610170*SK*610170*UP*703287101599PID*F****ANNUAL HALF FLAT 0.091QT(86.83ML)KWGPO4**1*EAPO1*0029*2*EA*7.4**VP*610643*SK*610643*UP*703287101667PID*F****ANNUAL FULL FLAT 3.38OZ(100ML)KWGPO4**1*EAPO1*0030*1*EA*.9**VP*774323*SK*774323*UP*725651467513PID*F****PANSY 4.5IN VA GROWERSPO4**1*EAPO1*0031*3*EA*9.35**VP*852938*SK*852938*UP*703287102985PID*F****ROSE PREMIUM 2G BNPO4**1*EAPO1*0032*2*EA*11.1**VP*854900*SK*854900*UP*703287105955PID*F****VACCINIUM BLUEBERRY 2G BNPO4**1*EAPO1*0033*4*EA*22.41**VP*855395*SK*855395*UP*703287105986PID*F****BUXUS SUFFRUTICOSA BOXWOOD 5G  BNPO4**1*EAPO1*0034*1*EA*42.5**VP*856121*SK*856121*UP*703287106020PID*F****PRUNUS SNOW FOUNTAIN CHERRY 10G BNPO4**1*EAPO1*0035*1*EA*19.95**VP*898587*SK*898587*UP*703287103043PID*F****ARBORVITAE EMERALD GREEN 5G BNPO4**1*EAPO1*0036*1*EA*10.87**VP*899280*SK*899280*UP*703287103128PID*F****ARBORVITAE GLOBE 2G BNPO4**1*EAPO1*0037*1*EA*22**VP*904363*SK*904363*UP*703287105177PID*F****CORNUS DOGWOOD PINK 5G BNPO4**1*EAPO1*0038*3*EA*5.15**VP*928353*SK*928353*UP*703287103616PID*F****CUPRESSOCYPARIS LEYLAND 1G BNPO4**1*EAPO1*0039*13*EA*15**VP*928452*SK*928452*UP*703287103647PID*F****CUPRESSOCYPARIS LEYLAND 5G BNPO4**1*EAPO1*0040*5*EA*4.85**VP*930564*SK*930564*UP*703287103890PID*F****ILEX HOLLY ASST 1G BNPO4**1*EAPO1*0041*4*EA*3**VP*957166*SK*957166*UP*703287101438PID*F****PROVEN WINNERS 4.5IN 1.31PT/619.8MLPO4**1*EAPO1*0042*7*EA*4**VP*997327*SK*997327*UP*703287104705PID*F****FESCUE TALL TURF SOD 10 SQ FTPO4**1*EACTT*42*376AMT*TT*2242.81SE*139*000098934ST*850*000098935BEG*00*CN*12019223**20080429*4612019223CUR*BY*USDDTM*038*20080502N1*OB**92*4612N3*1413 ARMISTEAD AVEN4*HAMPTON*VA*23666REF*DP*028REF*3J*0001REF*MR*0000071643PO1*0001*1*EA*2.45**VP*172815*SK*172815*UP*010602020580PID*F****ANGEL PLANT 3.8INPO4**1*EAPO1*0002*1*EA*22**VP*211439*SK*211439*UP*703287102343PID*F****SHRUB ASST 5 BNPO4**1*EAPO1*0003*4*EA*12**VP*230914*SK*230914*UP*703287106877PID*F****ACER JAP MAPLE 1G BNPO4**1*EAPO1*0004*1*EA*3.1**VP*276945*SK*276945*UP*703287107492PID*F****ALOE VERA 3.25IN(8.2FLOZ/235ML)BNPO4**1*EAPO1*0005*1*EA*6.3**VP*282124*SK*282124*UP*094392363584PID*F****SALVIA MAY NIGHT 5.56LPO4**1*EAPO1*0006*4*EA*2.7**VP*307357*SK*307357*UP*094392363676PID*F****HOSTA QUARTPO4**1*EAPO1*0007*2*EA*5.75**VP*315216*SK*315216*UP*094392006238PID*F****ORNAMENTAL GRASS 3.70QTPO4**1*EAPO1*0008*1*EA*3.95**VP*319150*SK*319150*UP*094392002322PID*F****HOSTA 2.75QTPO4**1*EAPO1*0009*23*EA*3.75**VP*321759*SK*321759*UP*094392006047PID*F****PERENNIAL 2.75QTPO4**1*EAPO1*0010*9*EA*2.7**VP*322257*SK*322257*UP*094392363737PID*F****GROUNDCOVER 1.06QTPO4**1*EAPO1*0011*9*EA*1.55**VP*322574*SK*322574*UP*094392361658PID*F****GROUNDCOVER 1.11PTPO4**1*EAPO1*0012*2*EA*2.1**VP*342318*SK*342318*UP*855511000182PID*F****PETUNIA WAVE 1 PINTPO4**1*EAPO1*0013*1*EA*2.9**VP*447221*SK*447221*UP*048834111196PID*F****VIGORO SELECT PINT ANNUALPO4**1*EAPO1*0014*18*EA*2.9**VP*448075*SK*448075*UP*048834211124PID*F****VIGORO SELECT PINT ANNUALPO4**1*EAPO1*0015*1*EA*2.9**VP*452670*SK*452670*UP*048834511132PID*F****VIGORO 1PINT ANNUALPO4**1*EAPO1*0016*4*EA*8.25**VP*470998*SK*470998*UP*724188002990PID*F****STRAW POT 6PKPO4**1*EAPO1*0017*2*EA*3.5**VP*517604*SK*517604*UP*703287102145PID*F****HOUSEPLANT 4.4 ANGEL BNPO4**1*EAPO1*0018*1*EA*10.4**VP*518034*SK*518034*UP*703287102183PID*F****HOUSEPLANT 8 ANGEL HB BNPO4**1*EAPO1*0019*1*EA*3.55**VP*548007*SK*548007*UP*703287101124PID*F****PERENNIAL .63G (2.38L) BNPO4**1*EAPO1*0020*2*EA*13.5**VP*549189*SK*549189*UP*703287100974PID*F****HIBISCUS BUSH PREM 2.33G (8.83L) BNPO4**1*EAPO1*0021*1*EA*18**VP*549383*SK*549383*UP*703287100981PID*F****HIBISCUS STD PREM 3G (11.35L) BNPO4**1*EAPO1*0022*7*EA*17**VP*549408*SK*549408*UP*703287101308PID*F****MANDEVILLA TRELLIS 2.33G (8.83L)BNPO4**1*EAPO1*0023*2*EA*15**VP*549690*SK*549690*UP*703287100202PID*F****TROPICAL PATIO 3G (11.35L) BNPO4**1*EAPO1*0024*3*EA*8.25**VP*553208*SK*553208*UP*703287101872PID*F****TROPICAL FOLIAGE PREM 6 BNPO4**1*EAPO1*0025*1*EA*8**VP*553307*SK*553307*UP*703287101896PID*F****ANTHURIUM 6 BNPO4**1*EAPO1*0026*2*EA*12**VP*553437*SK*553437*UP*703287101933PID*F****TROPICAL FOLIAGE PREM 8 BNPO4**1*EAPO1*0027*1*EA*9.9**VP*553451*SK*553451*UP*703287101940PID*F****TROPICAL FOLIAGE HB 8 BNPO4**1*EAPO1*0028*1*EA*10.25**VP*553457*SK*553457*UP*703287101957PID*F****TROPICAL FOLIAGE PROMO 10 BNPO4**1*EAPO1*0029*2*EA*26.5**VP*554809*SK*554809*UP*703287101995PID*F****TROPICAL FOLIAGE 12 PREM BNPO4**1*EAPO1*0030*2*EA*33**VP*554879*SK*554879*UP*703287102008PID*F****TROPICAL FOLIAGE 14 PROMO BNPO4**1*EAPO1*0031*1*EA*13**VP*556360*SK*556360*UP*703287102138PID*F****BROMELIAD 6 BNPO4**1*EAPO1*0032*6*EA*9.8**VP*556570*SK*556570*UP*703287102114PID*F****HIBISCUS 7 BRAID BNPO4**1*EAPO1*0033*6*EA*3.6**VP*604260*SK*604260*UP*703287101155PID*F****PETUNIA WAVE 1.4QT(1.32L) BNPO4**1*EAPO1*0034*40*EA*8**VP*604327*SK*604327*UP*703287100080PID*F****FERN BOSTON 4.9QT(4.63L) BNPO4**1*EAPO1*0035*17*EA*2.85**VP*604366*SK*604366*UP*703287100127PID*F****GERBERA DAISY 1.39PT(.64L) BNPO4**1*EAPO1*0036*3*EA*15**VP*604379*SK*604379*UP*703287101360PID*F****ANNUAL PATIO COLOR 3.4G(12.9L) BNPO4**1*EAPO1*0037*39*EA*.85**VP*604402*SK*604402*UP*703287100110PID*F****ANNUAL BEDDING PLANT .96PT(.45L) BNPO4**1*EAPO1*0038*4*EA*13.5**VP*604426*SK*604426*UP*703287101261PID*F****ANNUAL FIBER HB 1.34G(5.1L) BNPO4**1*EAPO1*0039*9*EA*1.65**VP*604429*SK*604429*UP*703287101605PID*F****ANNUAL ACCENT PLANT .96PT(.45L) BNPO4**1*EAPO1*0040*1*EA*2.72**VP*604457*SK*604457*UP*643952343629PID*F****GERANIUM ZONAL 1.52PT(.72L) BNPO4**1*EAPO1*0041*1*EA*5.9**VP*604493*SK*604493*UP*703287101537PID*F****ANNUAL SPECIALTY 2.6QT(2.46L)BNPO4**1*EAPO1*0042*51*EA*2.35**VP*604529*SK*604529*UP*725651500005PID*F****ANNUAL 1.4QT (1.32L) BNPO4**1*EAPO1*0043*10*EA*1.5**VP*604577*SK*604577*UP*703287101568PID*F****GROUND COVER .96PT(.45L) BNPO4**1*EAPO1*0044*2*EA*8.59**VP*604585*SK*604585*UP*703287100073PID*F****ANNUAL FLWG. PREM HB 4.9QT(4.63L) BNPO4**1*EAPO1*0045*10*EA*4.25**VP*604636*SK*604636*UP*703287100332PID*F****GERANIUM ZONAL 1.4QT(1.32L) BNPO4**1*EAPO1*0046*3*EA*5**VP*604662*SK*604662*UP*703287100318PID*F****SPECIAL PRICE 2-BELL NURSERYPO4**1*EAPO1*0047*13*EA*5.15**VP*610170*SK*610170*UP*703287101599PID*F****ANNUAL HALF FLAT 0.091QT(86.83ML)KWGPO4**1*EAPO1*0048*14*EA*7.4**VP*610643*SK*610643*UP*703287101667PID*F****ANNUAL FULL FLAT 3.38OZ(100ML)KWGPO4**1*EAPO1*0049*5*EA*9.75**VP*651881*SK*651881*UP*703287102626PID*F****AZALEA ENCORE 1GPO4**1*EAPO1*0050*1*EA*16.9**VP*707782*SK*707782*UP*703287107171PID*F****PROVEN WINNER SHRUB 3G BNPO4**1*EAPO1*0051*3*EA*5.32**VP*858860*SK*858860*UP*703287106327PID*F****NANDINA FIREPOWER 1G BNPO4**1*EAPO1*0052*3*EA*7.5**VP*900006*SK*900006*UP*703287103203PID*F****AZALEA BLOOM N AGAIN 1G BNPO4**1*EAPO1*0053*2*EA*20**VP*910105*SK*910105*UP*703287105511PID*F****PYRUS FLOWERING PEAR ASST 7G BNPO4**1*EAPO1*0054*2*EA*16.02**VP*943731*SK*943731*UP*703287104521PID*F****ROSE KNOCKOUT 3G BNPO4**1*EAPO1*0055*2*EA*11.5**VP*946734*SK*946734*UP*703287104309PID*F****PAEONIA PEONY 2G BNPO4**1*EAPO1*0056*5*EA*3**VP*957166*SK*957166*UP*703287101438PID*F****PROVEN WINNERS 4.5IN 1.31PT/619.8MLPO4**1*EACTT*56*363AMT*TT*2474.62SE*181*000098935ST*850*000098936BEG*00*CN*16080447**20080429*4616080447CUR*BY*USDDTM*038*20080502N1*OB**92*4616N3*12300 JEFFERSON DAVIS HWN4*CHESTER*VA*23831REF*DP*028REF*3J*0001REF*MR*0000071643PO1*0001*5*EA*12**VP*230914*SK*230914*UP*703287106877PID*F****ACER JAP MAPLE 1G BNPO4**1*EAPO1*0002*1*EA*5.6**VP*315253*SK*315253*UP*094392009963PID*F****PERENNIAL 3.70QTPO4**1*EAPO1*0003*8*EA*3.95**VP*319150*SK*319150*UP*094392002322PID*F****HOSTA 2.75QTPO4**1*EAPO1*0004*29*EA*3.75**VP*321759*SK*321759*UP*094392006047PID*F****PERENNIAL 2.75QTPO4**1*EAPO1*0005*17*EA*3.75**VP*321862*SK*321862*UP*094392350973PID*F****GROUNDCOVER 2.75QTPO4**1*EAPO1*0006*1*EA*2.7**VP*322253*SK*322253*UP*094392005644PID*F****PERENNIAL 1.06QTPO4**1*EAPO1*0007*13*EA*1.55**VP*322574*SK*322574*UP*094392361658PID*F****GROUNDCOVER 1.11PTPO4**1*EAPO1*0008*4*EA*17**VP*363673*SK*363673*UP*703287101704PID*F****HIBISCUS EXOTIC PERENNIAL 3G BNPO4**1*EAPO1*0009*10*EA*2.9**VP*448075*SK*448075*UP*048834211124PID*F****VIGORO SELECT PINT ANNUALPO4**1*EAPO1*0010*2*EA*8.25**VP*470998*SK*470998*UP*724188002990PID*F****STRAW POT 6PKPO4**1*EAPO1*0011*4*EA*17**VP*549408*SK*549408*UP*703287101308PID*F****MANDEVILLA TRELLIS 2.33G (8.83L)BNPO4**1*EAPO1*0012*2*EA*8.25**VP*553208*SK*553208*UP*703287101872PID*F****TROPICAL FOLIAGE PREM 6 BNPO4**1*EAPO1*0013*2*EA*10.25**VP*553457*SK*553457*UP*703287101957PID*F****TROPICAL FOLIAGE PROMO 10 BNPO4**1*EAPO1*0014*2*EA*25.5**VP*553997*SK*553997*UP*703287101988PID*F****TROPICAL FOLIAGE 10 ULTRA PREM BNPO4**1*EAPO1*0015*3*EA*3.6**VP*604260*SK*604260*UP*703287101155PID*F****PETUNIA WAVE 1.4QT(1.32L) BNPO4**1*EAPO1*0016*25*EA*8**VP*604327*SK*604327*UP*703287100080PID*F****FERN BOSTON 4.9QT(4.63L) BNPO4**1*EAPO1*0017*12*EA*2.85**VP*604366*SK*604366*UP*703287100127PID*F****GERBERA DAISY 1.39PT(.64L) BNPO4**1*EAPO1*0018*2*EA*15**VP*604379*SK*604379*UP*703287101360PID*F****ANNUAL PATIO COLOR 3.4G(12.9L) BNPO4**1*EAPO1*0019*4*EA*.85**VP*604402*SK*604402*UP*703287100110PID*F****ANNUAL BEDDING PLANT .96PT(.45L) BNPO4**1*EAPO1*0020*4*EA*1.65**VP*604429*SK*604429*UP*703287101605PID*F****ANNUAL ACCENT PLANT .96PT(.45L) BNPO4**1*EAPO1*0021*14*EA*2.35**VP*604529*SK*604529*UP*725651500005PID*F****ANNUAL 1.4QT (1.32L) BNPO4**1*EAPO1*0022*1*EA*8.59**VP*604585*SK*604585*UP*703287100073PID*F****ANNUAL FLWG. PREM HB 4.9QT(4.63L) BNPO4**1*EAPO1*0023*1*EA*5.15**VP*610170*SK*610170*UP*703287101599PID*F****ANNUAL HALF FLAT 0.091QT(86.83ML)KWGPO4**1*EAPO1*0024*1*EA*7.4**VP*610643*SK*610643*UP*703287101667PID*F****ANNUAL FULL FLAT 3.38OZ(100ML)KWGPO4**1*EAPO1*0025*3*EA*20**VP*642380*SK*642380*UP*703287102534PID*F****ORCHID PHALAENOPSIS 6IN BNPO4**1*EAPO1*0026*9*EA*22**VP*651883*SK*651883*UP*703287102633PID*F****AZALEA ENCORE 3GPO4**1*EAPO1*0027*4*EA*2.1**VP*854405*SK*854405*UP*703287105900PID*F****AZALEA PROMO 1G BNPO4**1*EAPO1*0028*2*EA*5.32**VP*858860*SK*858860*UP*703287106327PID*F****NANDINA FIREPOWER 1G BNPO4**1*EAPO1*0029*1*EA*15.25**VP*899907*SK*899907*UP*703287103180PID*F****AZALEA 3G BNPO4**1*EAPO1*0030*2*EA*5.15**VP*900732*SK*900732*UP*703287103272PID*F****BUXUS BOXWOOD ASST 1G BNPO4**1*EAPO1*0031*2*EA*15.75**VP*905485*SK*905485*UP*703287105252PID*F****PRUNUS PEACH TREE DWARF 5G BNPO4**1*EAPO1*0032*4*EA*3.9**VP*932214*SK*932214*UP*703287104101PID*F****JUNIPER ASST 1G BNPO4**1*EAPO1*0033*2*EA*16.02**VP*943731*SK*943731*UP*703287104521PID*F****ROSE KNOCKOUT 3G BNPO4**1*EAPO1*0034*1*EA*3**VP*957166*SK*957166*UP*703287101438PID*F****PROVEN WINNERS 4.5IN 1.31PT/619.8MLPO4**1*EAPO1*0035*2*EA*7.75**VP*974806*SK*974806*UP*094392364888PID*F****CORDYLINE 2.75QTPO4**1*EAPO1*0036*2*EA*7.56**VP*991288*SK*991288*UP*703287106365PID*F****PERENNIAL PREM ASST 8IN (4.1QT/3.9L)PO4**1*EAPO1*0037*2*EA*8**VP*993169*SK*993169*UP*703287106440PID*F****ROSE NONO PATENT 2G BNPO4**1*EAPO1*0038*6*EA*4**VP*997327*SK*997327*UP*703287104705PID*F****FESCUE TALL TURF SOD 10 SQ FTPO4**1*EACTT*38*209AMT*TT*1685.9SE*127*000098936ST*850*000098938BEG*00*CN*24089868**20080429*4624089868CUR*BY*USDDTM*038*20080502N1*OB**92*4624N3*7251 BELL CREEK RDN4*MECHANICSVILLE*VA*23111REF*DP*028REF*3J*0001REF*MR*0000071643PO1*0001*5*EA*12**VP*230914*SK*230914*UP*703287106877PID*F****ACER JAP MAPLE 1G BNPO4**1*EAPO1*0002*2*EA*9.2**VP*293317*SK*293317*UP*703287107119PID*F****LIGUSTRUM RECURVE LANDSCAPER 3G BNPO4**1*EAPO1*0003*2*EA*5.75**VP*315216*SK*315216*UP*094392006238PID*F****ORNAMENTAL GRASS 3.70QTPO4**1*EAPO1*0004*5*EA*3.95**VP*319150*SK*319150*UP*094392002322PID*F****HOSTA 2.75QTPO4**1*EAPO1*0005*17*EA*3.75**VP*321759*SK*321759*UP*094392006047PID*F****PERENNIAL 2.75QTPO4**1*EAPO1*0006*5*EA*2.7**VP*322253*SK*322253*UP*094392005644PID*F****PERENNIAL 1.06QTPO4**1*EAPO1*0007*2*EA*2.7**VP*322257*SK*322257*UP*094392363737PID*F****GROUNDCOVER 1.06QTPO4**1*EAPO1*0008*1*EA*1.55**VP*322574*SK*322574*UP*094392361658PID*F****GROUNDCOVER 1.11PTPO4**1*EAPO1*0009*9*EA*2.9**VP*447221*SK*447221*UP*048834111196PID*F****VIGORO SELECT PINT ANNUALPO4**1*EAPO1*0010*3*EA*2.9**VP*448075*SK*448075*UP*048834211124PID*F****VIGORO SELECT PINT ANNUALPO4**1*EAPO1*0011*7*EA*2.9**VP*452670*SK*452670*UP*048834511132PID*F****VIGORO 1PINT ANNUALPO4**1*EAPO1*0012*11*EA*5.9**VP*456422*SK*456422*UP*048834811126PID*F**** VIGORO SELECT GALLON ANNUALPO4**1*EAPO1*0013*2*EA*13.5**VP*549189*SK*549189*UP*703287100974PID*F****HIBISCUS BUSH PREM 2.33G (8.83L) BNPO4**1*EAPO1*0014*2*EA*8.25**VP*553208*SK*553208*UP*703287101872PID*F****TROPICAL FOLIAGE PREM 6 BNPO4**1*EAPO1*0015*1*EA*8**VP*553307*SK*553307*UP*703287101896PID*F****ANTHURIUM 6 BNPO4**1*EAPO1*0016*1*EA*12**VP*553437*SK*553437*UP*703287101933PID*F****TROPICAL FOLIAGE PREM 8 BNPO4**1*EAPO1*0017*2*EA*10.25**VP*553457*SK*553457*UP*703287101957PID*F****TROPICAL FOLIAGE PROMO 10 BNPO4**1*EAPO1*0018*3*EA*33**VP*554879*SK*554879*UP*703287102008PID*F****TROPICAL FOLIAGE 14 PROMO BNPO4**1*EAPO1*0019*1*EA*9.8**VP*556570*SK*556570*UP*703287102114PID*F****HIBISCUS 7 BRAID BNPO4**1*EAPO1*0020*1*EA*2.85**VP*604366*SK*604366*UP*703287100127PID*F****GERBERA DAISY 1.39PT(.64L) BNPO4**1*EAPO1*0021*35*EA*.85**VP*604402*SK*604402*UP*703287100110PID*F****ANNUAL BEDDING PLANT .96PT(.45L) BNPO4**1*EAPO1*0022*20*EA*1.65**VP*604429*SK*604429*UP*703287101605PID*F****ANNUAL ACCENT PLANT .96PT(.45L) BNPO4**1*EAPO1*0023*4*EA*2.72**VP*604457*SK*604457*UP*643952343629PID*F****GERANIUM ZONAL 1.52PT(.72L) BNPO4**1*EAPO1*0024*29*EA*2.35**VP*604529*SK*604529*UP*725651500005PID*F****ANNUAL 1.4QT (1.32L) BNPO4**1*EAPO1*0025*12*EA*3.95**VP*604550*SK*604550*UP*703287100943PID*F****LIRIOPE .63G(2.38L) BNPO4**1*EAPO1*0026*4*EA*8.59**VP*604585*SK*604585*UP*703287100073PID*F****ANNUAL FLWG. PREM HB 4.9QT(4.63L) BNPO4**1*EAPO1*0027*1*EA*2.7**VP*604624*SK*604624*UP*703287100769PID*F****ANNUAL PREMIUM 1.52PT(.72L) BNPO4**1*EAPO1*0028*8*EA*4.25**VP*604636*SK*604636*UP*703287100332PID*F****GERANIUM ZONAL 1.4QT(1.32L) BNPO4**1*EAPO1*0029*9*EA*5.15**VP*610170*SK*610170*UP*703287101599PID*F****ANNUAL HALF FLAT 0.091QT(86.83ML)KWGPO4**1*EAPO1*0030*6*EA*7.4**VP*610643*SK*610643*UP*703287101667PID*F****ANNUAL FULL FLAT 3.38OZ(100ML)KWGPO4**1*EAPO1*0031*2*EA*20**VP*642380*SK*642380*UP*703287102534PID*F****ORCHID PHALAENOPSIS 6IN BNPO4**1*EAPO1*0032*1*EA*2.2**VP*820276*SK*820276*UP*703287107331PID*F****ALOE&HAWORTHIA 2.5"SLVD-5.8FLOZ/16MLPO4**1*EAPO1*0033*2*EA*2.95**VP*897201*SK*897201*UP*703287101506PID*F****VEGETABLE ASST 1.4QT (1.32L) BNPO4**1*EAPO1*0034*1*EA*31.92**VP*898653*SK*898653*UP*703287103050PID*F****ARBORVITAE EMERALD GREEN 7G BNPO4**1*EAPO1*0035*4*EA*7.5**VP*900006*SK*900006*UP*703287103203PID*F****AZALEA BLOOM N AGAIN 1G BNPO4**1*EAPO1*0036*2*EA*15.15**VP*930729*SK*930729*UP*703287103906PID*F****ILEX HOLLY ASST 3G BNPO4**1*EAPO1*0037*2*EA*16.02**VP*943731*SK*943731*UP*703287104521PID*F****ROSE KNOCKOUT 3G BNPO4**1*EAPO1*0038*8*EA*3**VP*957166*SK*957166*UP*703287101438PID*F****PROVEN WINNERS 4.5IN 1.31PT/619.8MLPO4**1*EAPO1*0039*2*EA*6**VP*960262*SK*960262*UP*842276001257PID*F****VIVA!LEMON ZEST PETUNIA 2.6QPO4**1*EAPO1*0040*1*EA*8**VP*992112*SK*992112*UP*842276001578PID*F****VIVA! PERENNIALS 3.70QTPO4**1*EAPO1*0041*1*EA*4**VP*997327*SK*997327*UP*703287104705PID*F****FESCUE TALL TURF SOD 10 SQ FTPO4**1*EACTT*41*236AMT*TT*1406.98SE*136*000098938ST*850*000098939BEG*00*CN*34011920**20080429*4634011920CUR*BY*USDDTM*038*20080502N1*OB**92*4634N3*200 CONSTON AVEN4*CHRISTIANSBURG*VA*24073REF*DP*028REF*3J*0001REF*MR*0000071643PO1*0001*1*EA*14.65**VP*210833*SK*210833*UP*703287102329PID*F****SHRUB ASST 3 BNPO4**1*EAPO1*0002*7*EA*12**VP*230914*SK*230914*UP*703287106877PID*F****ACER JAP MAPLE 1G BNPO4**1*EAPO1*0003*1*EA*9.2**VP*293069*SK*293069*UP*703287107065PID*F****AZALEA LANDSCAPER 3G BNPO4**1*EAPO1*0004*1*EA*9.2**VP*293317*SK*293317*UP*703287107119PID*F****LIGUSTRUM RECURVE LANDSCAPER 3G BNPO4**1*EAPO1*0005*32*EA*9.2**VP*293344*SK*293344*UP*703287107126PID*F****CUPRESSOCYPARIS LEYLAND LANDSC 3G BNPO4**1*EAPO1*0006*24*EA*2.7**VP*307357*SK*307357*UP*094392363676PID*F****HOSTA QUARTPO4**1*EAPO1*0007*2*EA*5.75**VP*311002*SK*311002*UP*094392005231PID*F****LILIUM ASIATIC 3.70QTPO4**1*EAPO1*0008*1*EA*30.2**VP*321158*SK*321158*UP*703287107409PID*F****FRUIT TREES ASST 7G BNPO4**1*EAPO1*0009*15*EA*3.75**VP*321759*SK*321759*UP*094392006047PID*F****PERENNIAL 2.75QTPO4**1*EAPO1*0010*1*EA*2.9**VP*447221*SK*447221*UP*048834111196PID*F****VIGORO SELECT PINT ANNUALPO4**1*EAPO1*0011*8*EA*2.9**VP*448075*SK*448075*UP*048834211124PID*F****VIGORO SELECT PINT ANNUALPO4**1*EAPO1*0012*5*EA*2.9**VP*452670*SK*452670*UP*048834511132PID*F****VIGORO 1PINT ANNUALPO4**1*EAPO1*0013*2*EA*9.8**VP*465334*SK*465334*UP*043905311581PID*F****ANNUAL PLANTER CTI(1.69G/6.4L)BNPO4**1*EAPO1*0014*1*EA*8.25**VP*470998*SK*470998*UP*724188002990PID*F****STRAW POT 6PKPO4**1*EAPO1*0015*1*EA*17**VP*549408*SK*549408*UP*703287101308PID*F****MANDEVILLA TRELLIS 2.33G (8.83L)BNPO4**1*EAPO1*0016*1*EA*15**VP*549690*SK*549690*UP*703287100202PID*F****TROPICAL PATIO 3G (11.35L) BNPO4**1*EAPO1*0017*1*EA*10.25**VP*553457*SK*553457*UP*703287101957PID*F****TROPICAL FOLIAGE PROMO 10 BNPO4**1*EAPO1*0018*8*EA*3.6**VP*604260*SK*604260*UP*703287101155PID*F****PETUNIA WAVE 1.4QT(1.32L) BNPO4**1*EAPO1*0019*24*EA*8**VP*604327*SK*604327*UP*703287100080PID*F****FERN BOSTON 4.9QT(4.63L) BNPO4**1*EAPO1*0020*1*EA*2.85**VP*604366*SK*604366*UP*703287100127PID*F****GERBERA DAISY 1.39PT(.64L) BNPO4**1*EAPO1*0021*59*EA*.85**VP*604402*SK*604402*UP*703287100110PID*F****ANNUAL BEDDING PLANT .96PT(.45L) BNPO4**1*EAPO1*0022*7*EA*2.35**VP*604529*SK*604529*UP*703287100363PID*F****ANNUAL 1.4QT (1.32L) BNPO4**1*EAPO1*0023*10*EA*7.4**VP*610643*SK*610643*UP*703287101667PID*F****ANNUAL FULL FLAT 3.38OZ(100ML)KWGPO4**1*EAPO1*0024*1*EA*4.35**VP*651895*SK*651895*UP*703287101049PID*F****FLORAL INDOOR 4.5IN ASST BNPO4**1*EAPO1*0025*1*EA*15.96**VP*858431*SK*858431*UP*703287106273PID*F****LOROPETALUM ASST 3G BNPO4**1*EAPO1*0026*1*EA*42.75**VP*898093*SK*898093*UP*703287105221PID*F****FRUIT TREES ASST PREM 10G BNPO4**1*EAPO1*0027*1*EA*15.75**VP*905485*SK*905485*UP*703287105252PID*F****PRUNUS PEACH TREE DWARF 5G BNPO4**1*EAPO1*0028*1*EA*2.75**VP*922773*SK*922773*UP*010602014510PID*F****ALOE VERA 4INPO4**1*EAPO1*0029*2*EA*13.25**VP*928386*SK*928386PID*F****CUPRESSOCYPARIS LEYLAND 3G BNPO4**1*EAPO1*0030*2*EA*15**VP*928452*SK*928452*UP*703287103647PID*F****CUPRESSOCYPARIS LEYLAND 5G BNPO4**1*EAPO1*0031*5*EA*1.75**VP*929438*SK*929438*UP*703287102695PID*F****AFRICAN VIOLET 4IN (393ML/13.30FLOZ)PO4**1*EAPO1*0032*1*EA*8**VP*993169*SK*993169*UP*703287106440PID*F****ROSE NONO PATENT 2G BNPO4**1*EAPO1*0033*12*EA*4**VP*997327*SK*997327*UP*703287104705PID*F****FESCUE TALL TURF SOD 10 SQ FTPO4**1*EACTT*33*240AMT*TT*1532.4SE*112*000098939ST*850*000098943BEG*00*CN*56092646**20080429*4656092646CUR*BY*USDDTM*038*20080502N1*OB**92*4656N3*157 HILLCREST PKWYN4*CHESAPEAKE*VA*23322REF*DP*028REF*3J*0001REF*MR*0000071643PO1*0001*4*EA*2.45**VP*172815*SK*172815*UP*010602020580PID*F****ANGEL PLANT 3.8INPO4**1*EAPO1*0002*1*EA*14.65**VP*210833*SK*210833*UP*703287102329PID*F****SHRUB ASST 3 BNPO4**1*EAPO1*0003*1*EA*59**VP*211968*SK*211968*UP*703287102398PID*F****SPECIMAN SHRUB 3 BNPO4**1*EAPO1*0004*1*EA*12**VP*230914*SK*230914*UP*703287106877PID*F****ACER JAP MAPLE 1G BNPO4**1*EAPO1*0005*1*EA*22.3**VP*231009*SK*231009*UP*703287106884PID*F****MAGNOLIA SAUCER 5G BNPO4**1*EAPO1*0006*8*EA*2.7**VP*307357*SK*307357*UP*094392363676PID*F****HOSTA QUARTPO4**1*EAPO1*0007*2*EA*3.95**VP*319150*SK*319150*UP*094392002322PID*F****HOSTA 2.75QTPO4**1*EAPO1*0008*45*EA*3.75**VP*321759*SK*321759*UP*094392006047PID*F****PERENNIAL 2.75QTPO4**1*EAPO1*0009*1*EA*2.7**VP*322253*SK*322253*UP*094392005644PID*F****PERENNIAL 1.06QTPO4**1*EAPO1*0010*1*EA*2.7**VP*322257*SK*322257*UP*094392363737PID*F****GROUNDCOVER 1.06QTPO4**1*EAPO1*0011*39*EA*2.9**VP*447221*SK*447221*UP*048834111196PID*F****VIGORO SELECT PINT ANNUALPO4**1*EAPO1*0012*18*EA*2.9**VP*448075*SK*448075*UP*048834211124PID*F****VIGORO SELECT PINT ANNUALPO4**1*EAPO1*0013*5*EA*2.9**VP*452670*SK*452670*UP*048834511132PID*F****VIGORO 1PINT ANNUALPO4**1*EAPO1*0014*2*EA*5.9**VP*456333*SK*456333*UP*048834711174PID*F**** VIGORO SELECT GALLON ANNUALPO4**1*EAPO1*0015*22*EA*5.9**VP*456422*SK*456422*UP*048834811126PID*F**** VIGORO SELECT GALLON ANNUALPO4**1*EAPO1*0016*4*EA*8.25**VP*470998*SK*470998*UP*724188002990PID*F****STRAW POT 6PKPO4**1*EAPO1*0017*2*EA*7.5**VP*518013*SK*518013*UP*703287102176PID*F****HOUSEPLANT 6.6 ANGEL HB BNPO4**1*EAPO1*0018*8*EA*3.55**VP*548007*SK*548007*UP*703287101124PID*F****PERENNIAL .63G (2.38L) BNPO4**1*EAPO1*0019*1*EA*13.5**VP*549189*SK*549189*UP*703287100974PID*F****HIBISCUS BUSH PREM 2.33G (8.83L) BNPO4**1*EAPO1*0020*7*EA*17**VP*549408*SK*549408*UP*703287101308PID*F****MANDEVILLA TRELLIS 2.33G (8.83L)BNPO4**1*EAPO1*0021*2*EA*8.25**VP*553208*SK*553208*UP*703287101872PID*F****TROPICAL FOLIAGE PREM 6 BNPO4**1*EAPO1*0022*3*EA*10.25**VP*553457*SK*553457*UP*703287101957PID*F****TROPICAL FOLIAGE PROMO 10 BNPO4**1*EAPO1*0023*3*EA*18.5**VP*553769*SK*553769*UP*703287101971PID*F****TROPICAL FOLIAGE PREM 10 BNPO4**1*EAPO1*0024*1*EA*25.5**VP*553997*SK*553997*UP*703287101988PID*F****TROPICAL FOLIAGE 10 ULTRA PREM BNPO4**1*EAPO1*0025*2*EA*46**VP*554888*SK*554888*UP*703287102015PID*F****TROPICAL FOLIAGE 14 FANCY BNPO4**1*EAPO1*0026*3*EA*9.8**VP*556570*SK*556570*UP*703287102114PID*F****HIBISCUS 7 BRAID BNPO4**1*EAPO1*0027*22*EA*8**VP*604327*SK*604327*UP*703287100080PID*F****FERN BOSTON 4.9QT(4.63L) BNPO4**1*EAPO1*0028*33*EA*.85**VP*604402*SK*604402*UP*703287100110PID*F****ANNUAL BEDDING PLANT .96PT(.45L) BNPO4**1*EAPO1*0029*2*EA*13.5**VP*604426*SK*604426*UP*703287101261PID*F****ANNUAL FIBER HB 1.34G(5.1L) BNPO4**1*EAPO1*0030*4*EA*1.65**VP*604429*SK*604429*UP*703287101605PID*F****ANNUAL ACCENT PLANT .96PT(.45L) BNPO4**1*EAPO1*0031*8*EA*2.72**VP*604457*SK*604457*UP*643952343629PID*F****GERANIUM ZONAL 1.52PT(.72L) BNPO4**1*EAPO1*0032*1*EA*5.9**VP*604493*SK*604493*UP*703287101537PID*F****ANNUAL SPECIALTY 2.6QT(2.46L)BNPO4**1*EAPO1*0033*61*EA*2.35**VP*604529*SK*604529*UP*725651500005PID*F****ANNUAL 1.4QT (1.32L) BNPO4**1*EAPO1*0034*1*EA*18**VP*604542*SK*604542*UP*703287100585PID*F****ANNUAL COCO LINED HB 152OZ(4.5L)BNPO4**1*EAPO1*0035*4*EA*1.5**VP*604577*SK*604577*UP*703287101568PID*F****GROUND COVER .96PT(.45L) BNPO4**1*EAPO1*0036*4*EA*8.59**VP*604585*SK*604585*UP*703287100073PID*F****ANNUAL FLWG. PREM HB 4.9QT(4.63L) BNPO4**1*EAPO1*0037*20*EA*4.25**VP*604636*SK*604636*UP*703287100332PID*F****GERANIUM ZONAL 1.4QT(1.32L) BNPO4**1*EAPO1*0038*1*EA*5.15**VP*610170*SK*610170*UP*703287101599PID*F****ANNUAL HALF FLAT 0.091QT(86.83ML)KWGPO4**1*EAPO1*0039*1*EA*7.4**VP*610643*SK*610643*UP*703287101667PID*F****ANNUAL FULL FLAT 3.38OZ(100ML)KWGPO4**1*EAPO1*0040*2*EA*9.75**VP*651881*SK*651881*UP*703287102626PID*F****AZALEA ENCORE 1GPO4**1*EAPO1*0041*2*EA*4.35**VP*651895*SK*651895*UP*703287101049PID*F****FLORAL INDOOR 4.5IN ASST BNPO4**1*EAPO1*0042*12*EA*4.85**VP*899643*SK*899643*UP*703287103166PID*F****AZALEA 1G BNPO4**1*EAPO1*0043*1*EA*15**VP*928452*SK*928452*UP*703287103647PID*F****CUPRESSOCYPARIS LEYLAND 5G BNPO4**1*EAPO1*0044*5*EA*4.85**VP*930564*SK*930564*UP*703287103890PID*F****ILEX HOLLY ASST 1G BNPO4**1*EAPO1*0045*2*EA*10.5**VP*931917*SK*931917*UP*703287104040PID*F****HYDRANGEA HD EXCLUSIVE 8IN BNPO4**1*EAPO1*0046*4*EA*15**VP*944886*SK*944886*UP*703287104699PID*F****VIBURNUM ASST 3G BNPO4**1*EAPO1*0047*1*EA*8**VP*993169*SK*993169*UP*703287106440PID*F****ROSE NONO PATENT 2G BNPO4**1*EACTT*47*378AMT*TT*2428.61SE*154*000098943ST*850*000098944BEG*00*CN*59055483**20080429*4659055483CUR*BY*USDDTM*038*20080502N1*OB**92*4659N3*1400 COUNTY ROADN4*SOUTH HILL*VA*23970REF*DP*028REF*3J*0001REF*MR*0000071643PO1*0001*4*EA*1.5**VP*164453*SK*164453*UP*092852019088PID*F****CACTUS SUCCULENT 3INPO4**1*EAPO1*0002*3*EA*2.75**VP*164518*SK*164518*UP*010602020122PID*F****CACTUS 3IN GRAFTEDPO4**1*EAPO1*0003*4*EA*12**VP*230914*SK*230914*UP*703287106877PID*F****ACER JAP MAPLE 1G BNPO4**1*EAPO1*0004*8*EA*9.2**VP*293069*SK*293069*UP*703287107065PID*F****AZALEA LANDSCAPER 3G BNPO4**1*EAPO1*0005*1*EA*9.2**VP*293103*SK*293103*UP*703287107089PID*F****ILEX COMPACTA HOLLY LANDSCAPER 3G BNPO4**1*EAPO1*0006*1*EA*2.7**VP*307357*SK*307357*UP*094392363676PID*F****HOSTA QUARTPO4**1*EAPO1*0007*1*EA*3.95**VP*320828*SK*320828*UP*094392002018PID*F****PHLOX CREEPING 2.75QTPO4**1*EAPO1*0008*4*EA*3.75**VP*321759*SK*321759*UP*094392006047PID*F****PERENNIAL 2.75QTPO4**1*EAPO1*0009*9*EA*2.7**VP*322253*SK*322253*UP*094392005644PID*F****PERENNIAL 1.06QTPO4**1*EAPO1*0010*1*EA*1.55**VP*322574*SK*322574*UP*094392361658PID*F****GROUNDCOVER 1.11PTPO4**1*EAPO1*0011*4*EA*2.1**VP*342318*SK*342318*UP*855511000182PID*F****PETUNIA WAVE 1 PINTPO4**1*EAPO1*0012*2*EA*2.9**VP*447221*SK*447221*UP*048834111196PID*F****VIGORO SELECT PINT ANNUALPO4**1*EAPO1*0013*2*EA*8.25**VP*470998*SK*470998*UP*724188002990PID*F****STRAW POT 6PKPO4**1*EAPO1*0014*1*EA*8.25**VP*553208*SK*553208*UP*703287101872PID*F****TROPICAL FOLIAGE PREM 6 BNPO4**1*EAPO1*0015*3*EA*10.25**VP*553457*SK*553457*UP*703287101957PID*F****TROPICAL FOLIAGE PROMO 10 BNPO4**1*EAPO1*0016*8*EA*3.6**VP*604260*SK*604260*UP*703287101155PID*F****PETUNIA WAVE 1.4QT(1.32L) BNPO4**1*EAPO1*0017*5*EA*8**VP*604327*SK*604327*UP*703287100080PID*F****FERN BOSTON 4.9QT(4.63L) BNPO4**1*EAPO1*0018*1*EA*5.6**VP*604358*SK*604358*UP*703287100257PID*F****CALADIUM 1.4QT(1.32L) BNPO4**1*EAPO1*0019*3*EA*15**VP*604379*SK*604379*UP*703287101360PID*F****ANNUAL PATIO COLOR 3.4G(12.9L) BNPO4**1*EAPO1*0020*48*EA*.85**VP*604402*SK*604402*UP*703287100110PID*F****ANNUAL BEDDING PLANT .96PT(.45L) BNPO4**1*EAPO1*0021*9*EA*1.65**VP*604429*SK*604429*UP*703287101605PID*F****ANNUAL ACCENT PLANT .96PT(.45L) BNPO4**1*EAPO1*0022*8*EA*2.35**VP*604529*SK*604529*UP*725651500005PID*F****ANNUAL 1.4QT (1.32L) BNPO4**1*EAPO1*0023*1*EA*5.15**VP*610170*SK*610170*UP*703287101599PID*F****ANNUAL HALF FLAT 0.091QT(86.83ML)KWGPO4**1*EAPO1*0024*7*EA*7.4**VP*610643*SK*610643*UP*703287101667PID*F****ANNUAL FULL FLAT 3.38OZ(100ML)KWGPO4**1*EAPO1*0025*2*EA*9.75**VP*651881*SK*651881*UP*703287102626PID*F****AZALEA ENCORE 1GPO4**1*EAPO1*0026*2*EA*15.13**VP*857177*SK*857177*UP*703287106105PID*F****GARDENIA ASST 3G BNPO4**1*EAPO1*0027*2*EA*5.15**VP*929673*SK*929673*UP*703287103760PID*F****EUONYMUS ASST 1G BNPO4**1*EAPO1*0028*1*EA*16.02**VP*943731*SK*943731*UP*703287104521PID*F****ROSE KNOCKOUT 3G BNPO4**1*EAPO1*0029*1*EA*7.75**VP*974806*SK*974806*UP*094392364888PID*F****CORDYLINE 2.75QTPO4**1*EACTT*29*146AMT*TT*752.9SE*100*000098944GE*9*3266IEA*00001*000003462
ISA*00*          *00*          *14*0722717110100  *12*8048836527     *080429*0150*|*00406*000003463*0*P*>GS*PO*072271711*8048836527*20080429*0150*3267*X*004060ST*850*000098948BEG*00*CN*10094311**20080429*3610094311CUR*BY*USDDTM*038*20080502N1*OB**92*3610N3*1000 HANES MALL BLVDN4*WINSTON-SALEM*NC*27103REF*DP*028REF*3J*0001REF*MR*0000071643PO1*0001*1*EA*1.5**VP*164453*SK*164453*UP*010602014565PID*F****CACTUS SUCCULENT 3INPO4**1*EAPO1*0002*2*EA*2.45**VP*172815*SK*172815*UP*010602020580PID*F****ANGEL PLANT 3.8INPO4**1*EAPO1*0003*1*EA*36.5**VP*211887*SK*211887*UP*703287102374PID*F****SPECIMAN SHRUB 1 BNPO4**1*EAPO1*0004*2*EA*59**VP*211968*SK*211968*UP*703287102398PID*F****SPECIMAN SHRUB 3 BNPO4**1*EAPO1*0005*3*EA*12**VP*230914*SK*230914*UP*703287106877PID*F****ACER JAP MAPLE 1G BNPO4**1*EAPO1*0006*6*EA*1.15**VP*263623*SK*263623*UP*725651402002PID*F****PANSY 6PK VA GROWERS VMIPO4**1*EAPO1*0007*1*EA*3.1**VP*272386*SK*272386*UP*703287107461PID*F****CACTI 2.5"STRAWFLOWER(5.8FLOZ/16ML)BPO4**1*EAPO1*0008*2*EA*3.1**VP*273899*SK*273899*UP*703287107485PID*F****CACTUS GRAFTS (5.8FL OZ/16ML)BNPO4**1*EAPO1*0009*1*EA*9.2**VP*293317*SK*293317*UP*703287107119PID*F****LIGUSTRUM RECURVE LANDSCAPER 3G BNPO4**1*EAPO1*0010*2*EA*9.2**VP*293344*SK*293344*UP*703287107126PID*F****CUPRESSOCYPARIS LEYLAND LANDSC 3G BNPO4**1*EAPO1*0011*3*EA*2.7**VP*307357*SK*307357*UP*094392363676PID*F****HOSTA QUARTPO4**1*EAPO1*0012*2*EA*9**VP*310935*SK*310935*UP*094392350980PID*F****CLEMATIS W/ TRELLIS 2.75QTPO4**1*EAPO1*0013*5*EA*5.6**VP*315253*SK*315253*UP*094392009963PID*F****PERENNIAL 3.70QTPO4**1*EAPO1*0014*8*EA*3.95**VP*319150*SK*319150*UP*094392002322PID*F****HOSTA 2.75QTPO4**1*EAPO1*0015*1*EA*30.2**VP*321158*SK*321158*UP*703287107409PID*F****FRUIT TREES ASST 7G BNPO4**1*EAPO1*0016*38*EA*3.75**VP*321759*SK*321759*UP*094392006047PID*F****PERENNIAL 2.75QTPO4**1*EAPO1*0017*12*EA*3.75**VP*321862*SK*321862*UP*094392003558PID*F****GROUNDCOVER 2.75QTPO4**1*EAPO1*0018*35*EA*2.7**VP*322253*SK*322253*UP*094392005644PID*F****PERENNIAL 1.06QTPO4**1*EAPO1*0019*16*EA*2.7**VP*322257*SK*322257*UP*094392363737PID*F****GROUNDCOVER 1.06QTPO4**1*EAPO1*0020*16*EA*1.55**VP*322574*SK*322574*UP*094392363706PID*F****GROUNDCOVER 1.11PTPO4**1*EAPO1*0021*3*EA*2.1**VP*342318*SK*342318*UP*855511000182PID*F****PETUNIA WAVE 1 PINTPO4**1*EAPO1*0022*19*EA*2.9**VP*447221*SK*447221*UP*048834111196PID*F****VIGORO SELECT PINT ANNUALPO4**1*EAPO1*0023*36*EA*2.9**VP*448075*SK*448075*UP*048834211124PID*F****VIGORO SELECT PINT ANNUALPO4**1*EAPO1*0024*1*EA*2.9**VP*452670*SK*452670*UP*048834511132PID*F****VIGORO 1PINT ANNUALPO4**1*EAPO1*0025*2*EA*5.9**VP*456333*SK*456333*UP*048834711174PID*F**** VIGORO SELECT GALLON ANNUALPO4**1*EAPO1*0026*3*EA*5.9**VP*456422*SK*456422*UP*048834811126PID*F**** VIGORO SELECT GALLON ANNUALPO4**1*EAPO1*0027*3*EA*8.25**VP*470998*SK*470998*UP*724188002990PID*F****STRAW POT 6PKPO4**1*EAPO1*0028*1*EA*17**VP*549408*SK*549408*UP*703287101308PID*F****MANDEVILLA TRELLIS 2.33G (8.83L)BNPO4**1*EAPO1*0029*2*EA*8.25**VP*553208*SK*553208*UP*703287101872PID*F****TROPICAL FOLIAGE PREM 6 BNPO4**1*EAPO1*0030*2*EA*8**VP*553307*SK*553307*UP*703287101896PID*F****ANTHURIUM 6 BNPO4**1*EAPO1*0031*5*EA*12**VP*553437*SK*553437*UP*703287101933PID*F****TROPICAL FOLIAGE PREM 8 BNPO4**1*EAPO1*0032*2*EA*10.25**VP*553457*SK*553457*UP*703287101957PID*F****TROPICAL FOLIAGE PROMO 10 BNPO4**1*EAPO1*0033*2*EA*18.5**VP*553769*SK*553769*UP*703287101971PID*F****TROPICAL FOLIAGE PREM 10 BNPO4**1*EAPO1*0034*5*EA*9.8**VP*556570*SK*556570*UP*703287102114PID*F****HIBISCUS 7 BRAID BNPO4**1*EAPO1*0035*2*EA*5.75**VP*579507*SK*579507*UP*855511000359PID*F****PREMIUM COLOR VIVA! 2.5 QTPO4**1*EAPO1*0036*86*EA*8**VP*604327*SK*604327*UP*703287100080PID*F****FERN BOSTON 4.9QT(4.63L) BNPO4**1*EAPO1*0037*20*EA*2.85**VP*604366*SK*604366*UP*703287100127PID*F****GERBERA DAISY 1.39PT(.64L) BNPO4**1*EAPO1*0038*134*EA*.85**VP*604402*SK*604402*UP*703287100110PID*F****ANNUAL BEDDING PLANT .96PT(.45L) BNPO4**1*EAPO1*0039*1*EA*3.85**VP*604422*SK*604422*UP*703287100776PID*F****IMPATIEN NEW GUINEA 1.4QT(1.32L) BNPO4**1*EAPO1*0040*3*EA*13.5**VP*604426*SK*604426*UP*703287101261PID*F****ANNUAL FIBER HB 1.34G(5.1L) BNPO4**1*EAPO1*0041*9*EA*1.65**VP*604429*SK*604429*UP*703287101605PID*F****ANNUAL ACCENT PLANT .96PT(.45L) BNPO4**1*EAPO1*0042*33*EA*2.35**VP*604529*SK*604529*UP*725651500005PID*F****ANNUAL 1.4QT (1.32L) BNPO4**1*EAPO1*0043*2*EA*8.59**VP*604585*SK*604585*UP*703287100073PID*F****ANNUAL FLWG. PREM HB 4.9QT(4.63L) BNPO4**1*EAPO1*0044*5*EA*4.25**VP*604636*SK*604636*UP*703287100332PID*F****GERANIUM ZONAL 1.4QT(1.32L) BNPO4**1*EAPO1*0045*2*EA*9**VP*604661*SK*604661*UP*703287100301PID*F****SPECIAL PRICE 1- BELL NURSERYPO4**1*EAPO1*0046*4*EA*5**VP*604662*SK*604662*UP*703287100318PID*F****SPECIAL PRICE 2-BELL NURSERYPO4**1*EAPO1*0047*12*EA*5.15**VP*610170*SK*610170*UP*703287101599PID*F****ANNUAL HALF FLAT 0.091QT(86.83ML)KWGPO4**1*EAPO1*0048*18*EA*7.4**VP*610643*SK*610643*UP*703287101667PID*F****ANNUAL FULL FLAT 3.38OZ(100ML)KWGPO4**1*EAPO1*0049*29*EA*2.02**VP*617188*SK*617188*UP*703287100554PID*F****SPECIAL MARKDOWN SKU $2.67-BNPO4**1*EAPO1*0050*2*EA*20**VP*642380*SK*642380*UP*703287102534PID*F****ORCHID PHALAENOPSIS 6IN BNPO4**1*EAPO1*0051*6*EA*9.75**VP*651881*SK*651881*UP*703287102626PID*F****AZALEA ENCORE 1GPO4**1*EAPO1*0052*2*EA*22**VP*651883*SK*651883*UP*703287102633PID*F****AZALEA ENCORE 3GPO4**1*EAPO1*0053*4*EA*8.4**VP*651884*SK*651884*UP*703287101025PID*F****FLORAL INDOOR 6IN ASSTPO4**1*EAPO1*0054*2*EA*4.35**VP*651895*SK*651895*UP*703287101049PID*F****FLORAL INDOOR 4.5IN ASST BNPO4**1*EAPO1*0055*3*EA*16.9**VP*707782*SK*707782*UP*703287107171PID*F****PROVEN WINNER SHRUB 3G BNPO4**1*EAPO1*0056*1*EA*1.45**VP*818844*SK*818844*UP*703287107195PID*F****RAINBOW PACK 1.5"SLVD (.8FL OZ/25ML)PO4**1*EAPO1*0057*2*EA*5.32**VP*858860*SK*858860*UP*703287106327PID*F****NANDINA FIREPOWER 1G BNPO4**1*EAPO1*0058*2*EA*4.85**VP*899643*SK*899643*UP*703287103166PID*F****AZALEA 1G BNPO4**1*EAPO1*0059*1*EA*22.74**VP*901821*SK*901821*UP*703287103302PID*F****BUXUS BOXWOOD ASST 5G BNPO4**1*EAPO1*0060*1*EA*5.15**VP*942675*SK*942675*UP*703287104378PID*F****PINE MUGO 1G BNPO4**1*EAPO1*0061*6*EA*16.02**VP*943731*SK*943731*UP*703287104521PID*F****ROSE KNOCKOUT 3G BNPO4**1*EAPO1*0062*1*EA*11.5**VP*946734*SK*946734*UP*703287104309PID*F****PAEONIA PEONY 2G BNPO4**1*EAPO1*0063*2*EA*7.75**VP*974806*SK*974806*UP*094392364888PID*F****CORDYLINE 2.75QTPO4**1*EAPO1*0064*1*EA*7.56**VP*991288*SK*991288*UP*703287106365PID*F****PERENNIAL PREM ASST 8IN (4.1QT/3.9L)PO4**1*EAPO1*0065*10*EA*4**VP*997327*SK*997327*UP*703287104705PID*F****FESCUE TALL TURF SOD 10 SQ FTPO4**1*EACTT*65*649AMT*TT*3608.54SE*208*000098948ST*850*000098956BEG*00*CN*11012054**20080429*4611012054CUR*BY*USDDTM*038*20080502N1*OB**92*4611N3*11260 W BROAD STN4*GLEN ALLEN*VA*23060REF*DP*028REF*3J*0001REF*MR*0000071643PO1*0001*1*EA*1.5**VP*164453*SK*164453*UP*092852019088PID*F****CACTUS SUCCULENT 3INPO4**1*EAPO1*0002*7*EA*2.45**VP*172815*SK*172815*UP*715869300030PID*F****ANGEL PLANT 3.8INPO4**1*EAPO1*0003*1*EA*18.25**VP*210966*SK*210966*UP*703287102336PID*F****SHRUB ASST 4 BNPO4**1*EAPO1*0004*1*EA*12**VP*230914*SK*230914*UP*703287106877PID*F****ACER JAP MAPLE 1G BNPO4**1*EAPO1*0005*2*EA*9.2**VP*293069*SK*293069*UP*703287107065PID*F****AZALEA LANDSCAPER 3G BNPO4**1*EAPO1*0006*2*EA*9.2**VP*293231*SK*293231*UP*703287107096PID*F****ILEX HELLERI HOLLY LANDSCAPER 3G BNPO4**1*EAPO1*0007*10*EA*9.2**VP*293317*SK*293317*UP*703287107119PID*F****LIGUSTRUM RECURVE LANDSCAPER 3G BNPO4**1*EAPO1*0008*2*EA*9.2**VP*293344*SK*293344*UP*703287107126PID*F****CUPRESSOCYPARIS LEYLAND LANDSC 3G BNPO4**1*EAPO1*0009*3*EA*2.7**VP*307357*SK*307357*UP*094392363676PID*F****HOSTA QUARTPO4**1*EAPO1*0010*3*EA*5.6**VP*315253*SK*315253*UP*094392009963PID*F****PERENNIAL 3.70QTPO4**1*EAPO1*0011*2*EA*3.95**VP*319150*SK*319150*UP*094392002322PID*F****HOSTA 2.75QTPO4**1*EAPO1*0012*13*EA*3.75**VP*321759*SK*321759*UP*094392006047PID*F****PERENNIAL 2.75QTPO4**1*EAPO1*0013*1*EA*2.7**VP*322253*SK*322253*UP*094392005644PID*F****PERENNIAL 1.06QTPO4**1*EAPO1*0014*1*EA*2.7**VP*322257*SK*322257*UP*094392363737PID*F****GROUNDCOVER 1.06QTPO4**1*EAPO1*0015*3*EA*1.55**VP*322574*SK*322574*UP*094392361658PID*F****GROUNDCOVER 1.11PTPO4**1*EAPO1*0016*2*EA*2.1**VP*342318*SK*342318*UP*855511000182PID*F****PETUNIA WAVE 1 PINTPO4**1*EAPO1*0017*47*EA*2.9**VP*447221*SK*447221*UP*048834111196PID*F****VIGORO SELECT PINT ANNUALPO4**1*EAPO1*0018*13*EA*2.9**VP*448075*SK*448075*UP*048834211124PID*F****VIGORO SELECT PINT ANNUALPO4**1*EAPO1*0019*1*EA*2.9**VP*452670*SK*452670*UP*048834511132PID*F****VIGORO 1PINT ANNUALPO4**1*EAPO1*0020*1*EA*5.9**VP*456114*SK*456114*UP*048834711136PID*F****VIGORO SELECT GALLON ANNUALPO4**1*EAPO1*0021*1*EA*5.9**VP*456333*SK*456333*UP*048834711174PID*F**** VIGORO SELECT GALLON ANNUALPO4**1*EAPO1*0022*8*EA*5.9**VP*456422*SK*456422*UP*048834811126PID*F**** VIGORO SELECT GALLON ANNUALPO4**1*EAPO1*0023*2*EA*17**VP*549408*SK*549408*UP*703287101308PID*F****MANDEVILLA TRELLIS 2.33G (8.83L)BNPO4**1*EAPO1*0024*1*EA*15**VP*549690*SK*549690*UP*703287100202PID*F****TROPICAL PATIO 3G (11.35L) BNPO4**1*EAPO1*0025*1*EA*8.25**VP*553208*SK*553208*UP*703287101872PID*F****TROPICAL FOLIAGE PREM 6 BNPO4**1*EAPO1*0026*1*EA*8**VP*553307*SK*553307*UP*703287101896PID*F****ANTHURIUM 6 BNPO4**1*EAPO1*0027*3*EA*12**VP*553437*SK*553437*UP*703287101933PID*F****TROPICAL FOLIAGE PREM 8 BNPO4**1*EAPO1*0028*2*EA*10.25**VP*553457*SK*553457*UP*703287101957PID*F****TROPICAL FOLIAGE PROMO 10 BNPO4**1*EAPO1*0029*1*EA*25.5**VP*553997*SK*553997*UP*703287101988PID*F****TROPICAL FOLIAGE 10 ULTRA PREM BNPO4**1*EAPO1*0030*2*EA*9.8**VP*556570*SK*556570*UP*703287102114PID*F****HIBISCUS 7 BRAID BNPO4**1*EAPO1*0031*16*EA*8**VP*604327*SK*604327*UP*703287100080PID*F****FERN BOSTON 4.9QT(4.63L) BNPO4**1*EAPO1*0032*68*EA*2.85**VP*604366*SK*604366*UP*703287100127PID*F****GERBERA DAISY 1.39PT(.64L) BNPO4**1*EAPO1*0033*33*EA*.85**VP*604402*SK*604402*UP*703287100110PID*F****ANNUAL BEDDING PLANT .96PT(.45L) BNPO4**1*EAPO1*0034*3*EA*1.65**VP*604429*SK*604429*UP*703287101605PID*F****ANNUAL ACCENT PLANT .96PT(.45L) BNPO4**1*EAPO1*0035*20*EA*2.35**VP*604529*SK*604529*UP*703287100363PID*F****ANNUAL 1.4QT (1.32L) BNPO4**1*EAPO1*0036*3*EA*18**VP*604542*SK*604542*UP*703287100585PID*F****ANNUAL COCO LINED HB 152OZ(4.5L)BNPO4**1*EAPO1*0037*1*EA*1.5**VP*604577*SK*604577*UP*703287101568PID*F****GROUND COVER .96PT(.45L) BNPO4**1*EAPO1*0038*5*EA*8.59**VP*604585*SK*604585*UP*703287100073PID*F****ANNUAL FLWG. PREM HB 4.9QT(4.63L) BNPO4**1*EAPO1*0039*4*EA*4.25**VP*604636*SK*604636*UP*703287100332PID*F****GERANIUM ZONAL 1.4QT(1.32L) BNPO4**1*EAPO1*0040*6*EA*5.15**VP*610170*SK*610170*UP*703287101599PID*F****ANNUAL HALF FLAT 0.091QT(86.83ML)KWGPO4**1*EAPO1*0041*1*EA*22.41**VP*855395*SK*855395*UP*703287105986PID*F****BUXUS SUFFRUTICOSA BOXWOOD 5G  BNPO4**1*EAPO1*0042*1*EA*4.85**VP*899643*SK*899643*UP*703287103166PID*F****AZALEA 1G BNPO4**1*EAPO1*0043*2*EA*7.5**VP*900006*SK*900006*UP*703287103203PID*F****AZALEA BLOOM N AGAIN 1G BNPO4**1*EAPO1*0044*1*EA*2.75**VP*922773*SK*922773*UP*010602014510PID*F****ALOE VERA 4INPO4**1*EAPO1*0045*1*EA*15.15**VP*930729*SK*930729*UP*703287103906PID*F****ILEX HOLLY ASST 3G BNPO4**1*EAPO1*0046*2*EA*3**VP*957166*SK*957166*UP*703287101438PID*F****PROVEN WINNERS 4.5IN 1.31PT/619.8MLPO4**1*EAPO1*0047*3*EA*4**VP*997327*SK*997327*UP*703287104705PID*F****FESCUE TALL TURF SOD 10 SQ FTPO4**1*EACTT*47*308AMT*TT*1693.22SE*154*000098956ST*850*000098958BEG*00*CN*26024600**20080429*4626024600CUR*BY*USDDTM*038*20080502N1*OB**92*4626N3*2020 LYNNHAVEN PKWYN4*VIRGINIA BEACH*VA*23456REF*DP*028REF*3J*0001REF*MR*0000071643PO1*0001*5*EA*12**VP*230914*SK*230914*UP*703287106877PID*F****ACER JAP MAPLE 1G BNPO4**1*EAPO1*0002*5*EA*4.6**VP*293033*SK*293033*UP*703287107034PID*F****RHAPHIPLEPSIS INDIAN HAWTHORNE 1G BNPO4**1*EAPO1*0003*1*EA*9.2**VP*293069*SK*293069*UP*703287107065PID*F****AZALEA LANDSCAPER 3G BNPO4**1*EAPO1*0004*1*EA*9.2**VP*293103*SK*293103*UP*703287107089PID*F****ILEX COMPACTA HOLLY LANDSCAPER 3G BNPO4**1*EAPO1*0005*1*EA*9.2**VP*293231*SK*293231*UP*703287107096PID*F****ILEX HELLERI HOLLY LANDSCAPER 3G BNPO4**1*EAPO1*0006*3*EA*9.2**VP*293317*SK*293317*UP*703287107119PID*F****LIGUSTRUM RECURVE LANDSCAPER 3G BNPO4**1*EAPO1*0007*20*EA*2.7**VP*307357*SK*307357*UP*094392363676PID*F****HOSTA QUARTPO4**1*EAPO1*0008*1*EA*3.95**VP*319150*SK*319150*UP*094392002322PID*F****HOSTA 2.75QTPO4**1*EAPO1*0009*20*EA*3.75**VP*321759*SK*321759*UP*094392006047PID*F****PERENNIAL 2.75QTPO4**1*EAPO1*0010*7*EA*3.75**VP*321862*SK*321862*UP*094392003558PID*F****GROUNDCOVER 2.75QTPO4**1*EAPO1*0011*15*EA*2.7**VP*322253*SK*322253*UP*094392005644PID*F****PERENNIAL 1.06QTPO4**1*EAPO1*0012*13*EA*2.7**VP*322257*SK*322257*UP*094392363737PID*F****GROUNDCOVER 1.06QTPO4**1*EAPO1*0013*18*EA*1.55**VP*322574*SK*322574*UP*094392361658PID*F****GROUNDCOVER 1.11PTPO4**1*EAPO1*0014*4*EA*2.8**VP*375070*SK*375070*UP*703287102244PID*F****ALOE VERA 3.25IN 236ML/8.2OZ BNPO4**1*EAPO1*0015*49*EA*2.9**VP*447221*SK*447221*UP*048834111196PID*F****VIGORO SELECT PINT ANNUALPO4**1*EAPO1*0016*5*EA*2.9**VP*448075*SK*448075*UP*048834211124PID*F****VIGORO SELECT PINT ANNUALPO4**1*EAPO1*0017*12*EA*2.9**VP*452670*SK*452670*UP*048834511132PID*F****VIGORO 1PINT ANNUALPO4**1*EAPO1*0018*3*EA*5.9**VP*456114*SK*456114*UP*048834711136PID*F****VIGORO SELECT GALLON ANNUALPO4**1*EAPO1*0019*6*EA*5.9**VP*456333*SK*456333*UP*048834711174PID*F**** VIGORO SELECT GALLON ANNUALPO4**1*EAPO1*0020*5*EA*5.9**VP*456422*SK*456422*UP*048834811126PID*F**** VIGORO SELECT GALLON ANNUALPO4**1*EAPO1*0021*3*EA*8.25**VP*470998*SK*470998*UP*724188002990PID*F****STRAW POT 6PKPO4**1*EAPO1*0022*2*EA*10.4**VP*518034*SK*518034*UP*703287102183PID*F****HOUSEPLANT 8 ANGEL HB BNPO4**1*EAPO1*0023*3*EA*3.55**VP*548007*SK*548007*UP*703287101124PID*F****PERENNIAL .63G (2.38L) BNPO4**1*EAPO1*0024*2*EA*13.5**VP*549189*SK*549189*UP*703287100974PID*F****HIBISCUS BUSH PREM 2.33G (8.83L) BNPO4**1*EAPO1*0025*2*EA*18**VP*549383*SK*549383*UP*703287100981PID*F****HIBISCUS STD PREM 3G (11.35L) BNPO4**1*EAPO1*0026*5*EA*17**VP*549408*SK*549408*UP*703287101308PID*F****MANDEVILLA TRELLIS 2.33G (8.83L)BNPO4**1*EAPO1*0027*2*EA*7.8**VP*550634*SK*550634*UP*703287100547PID*F****BEGONIA HIEMALIS 1.5QT (1.6L) BNPO4**1*EAPO1*0028*5*EA*8.25**VP*553208*SK*553208*UP*703287101872PID*F****TROPICAL FOLIAGE PREM 6 BNPO4**1*EAPO1*0029*2*EA*8**VP*553307*SK*553307*UP*703287101896PID*F****ANTHURIUM 6 BNPO4**1*EAPO1*0030*1*EA*12**VP*553437*SK*553437*UP*703287101933PID*F****TROPICAL FOLIAGE PREM 8 BNPO4**1*EAPO1*0031*3*EA*10.25**VP*553457*SK*553457*UP*703287101957PID*F****TROPICAL FOLIAGE PROMO 10 BNPO4**1*EAPO1*0032*1*EA*18.5**VP*553769*SK*553769*UP*703287101971PID*F****TROPICAL FOLIAGE PREM 10 BNPO4**1*EAPO1*0033*1*EA*25.5**VP*553997*SK*553997*UP*703287101988PID*F****TROPICAL FOLIAGE 10 ULTRA PREM BNPO4**1*EAPO1*0034*1*EA*26.5**VP*554809*SK*554809*UP*703287101995PID*F****TROPICAL FOLIAGE 12 PREM BNPO4**1*EAPO1*0035*1*EA*33**VP*554879*SK*554879*UP*703287102008PID*F****TROPICAL FOLIAGE 14 PROMO BNPO4**1*EAPO1*0036*1*EA*9.8**VP*556570*SK*556570*UP*703287102114PID*F****HIBISCUS 7 BRAID BNPO4**1*EAPO1*0037*6*EA*3.6**VP*604260*SK*604260*UP*703287101155PID*F****PETUNIA WAVE 1.4QT(1.32L) BNPO4**1*EAPO1*0038*11*EA*8**VP*604327*SK*604327*UP*703287100080PID*F****FERN BOSTON 4.9QT(4.63L) BNPO4**1*EAPO1*0039*3*EA*5.6**VP*604358*SK*604358*UP*703287100257PID*F****CALADIUM 1.4QT(1.32L) BNPO4**1*EAPO1*0040*3*EA*15**VP*604379*SK*604379*UP*693267300275PID*F****ANNUAL PATIO COLOR 3.4G(12.9L) BNPO4**1*EAPO1*0041*225*EA*.85**VP*604402*SK*604402*UP*703287100110PID*F****ANNUAL BEDDING PLANT .96PT(.45L) BNPO4**1*EAPO1*0042*3*EA*3.85**VP*604422*SK*604422*UP*703287100776PID*F****IMPATIEN NEW GUINEA 1.4QT(1.32L) BNPO4**1*EAPO1*0043*1*EA*13.5**VP*604426*SK*604426*UP*703287101261PID*F****ANNUAL FIBER HB 1.34G(5.1L) BNPO4**1*EAPO1*0044*30*EA*1.65**VP*604429*SK*604429*UP*703287101605PID*F****ANNUAL ACCENT PLANT .96PT(.45L) BNPO4**1*EAPO1*0045*21*EA*2.35**VP*604529*SK*604529*UP*725651500005PID*F****ANNUAL 1.4QT (1.32L) BNPO4**1*EAPO1*0046*7*EA*18**VP*604542*SK*604542*UP*703287100585PID*F****ANNUAL COCO LINED HB 152OZ(4.5L)BNPO4**1*EAPO1*0047*4*EA*8.59**VP*604585*SK*604585*UP*703287100073PID*F****ANNUAL FLWG. PREM HB 4.9QT(4.63L) BNPO4**1*EAPO1*0048*12*EA*4.25**VP*604636*SK*604636*UP*703287100332PID*F****GERANIUM ZONAL 1.4QT(1.32L) BNPO4**1*EAPO1*0049*21*EA*5.15**VP*610170*SK*610170*UP*703287101599PID*F****ANNUAL HALF FLAT 0.091QT(86.83ML)KWGPO4**1*EAPO1*0050*1*EA*7.4**VP*610643*SK*610643*UP*703287101667PID*F****ANNUAL FULL FLAT 3.38OZ(100ML)KWGPO4**1*EAPO1*0051*3*EA*14.5**VP*642408*SK*642408*UP*703287102497PID*F****ORCHID ASST 4IN BNPO4**1*EAPO1*0052*9*EA*9.75**VP*651881*SK*651881*UP*703287102626PID*F****AZALEA ENCORE 1GPO4**1*EAPO1*0053*4*EA*4.35**VP*651895*SK*651895*UP*703287101049PID*F****FLORAL INDOOR 4.5IN ASST BNPO4**1*EAPO1*0054*2*EA*11.1**VP*854900*SK*854900*UP*703287105955PID*F****VACCINIUM BLUEBERRY 2G BNPO4**1*EAPO1*0055*6*EA*22.41**VP*855395*SK*855395*UP*703287105986PID*F****BUXUS SUFFRUTICOSA BOXWOOD 5G  BNPO4**1*EAPO1*0056*1*EA*15**VP*858332*SK*858332*UP*703287106266PID*F****ACTINDIA KIWI 2G BNPO4**1*EAPO1*0057*1*EA*5.32**VP*858860*SK*858860*UP*703287106327PID*F****NANDINA FIREPOWER 1G BNPO4**1*EAPO1*0058*1*EA*7.5**VP*900006*SK*900006*UP*703287103203PID*F****AZALEA BLOOM N AGAIN 1G BNPO4**1*EAPO1*0059*1*EA*22**VP*904363*SK*904363*UP*703287105177PID*F****CORNUS DOGWOOD PINK 5G BNPO4**1*EAPO1*0060*2*EA*1.75**VP*929438*SK*929438*UP*703287102695PID*F****AFRICAN VIOLET 4IN (393ML/13.30FLOZ)PO4**1*EAPO1*0061*2*EA*16.3**VP*944127*SK*944127*UP*703287104583PID*F****SPIREA ASST 3G BNPO4**1*EAPO1*0062*2*EA*15**VP*944886*SK*944886*UP*703287104699PID*F****VIBURNUM ASST 3G BNPO4**1*EAPO1*0063*2*EA*7.75**VP*974806*SK*974806*UP*094392364888PID*F****CORDYLINE 2.75QTPO4**1*EAPO1*0064*4*EA*8**VP*992112*SK*992112*UP*842276001578PID*F****VIVA! PERENNIALS 3.70QTPO4**1*EAPO1*0065*1*EA*8**VP*993169*SK*993169*UP*703287106440PID*F****ROSE NONO PATENT 2G BNPO4**1*EAPO1*0066*4*EA*12.5**VP*993202*SK*993202*UP*703287106457PID*F****ROSE NON PATENT 3G BNPO4**1*EACTT*66*622AMT*TT*3200.3SE*211*000098958ST*850*000098959BEG*00*CN*31058100**20080429*4631058100CUR*BY*USDDTM*038*20080502N1*OB**92*4631N3*1386 CAR MIA WAYN4*RICHMOND*VA*23236REF*DP*028REF*3J*0001REF*MR*0000071643PO1*0001*3*EA*14.65**VP*210833*SK*210833*UP*703287102329PID*F****SHRUB ASST 3 BNPO4**1*EAPO1*0002*2*EA*18.25**VP*210966*SK*210966*UP*703287102336PID*F****SHRUB ASST 4 BNPO4**1*EAPO1*0003*1*EA*22**VP*211439*SK*211439*UP*703287102343PID*F****SHRUB ASST 5 BNPO4**1*EAPO1*0004*6*EA*12**VP*230914*SK*230914*UP*703287106877PID*F****ACER JAP MAPLE 1G BNPO4**1*EAPO1*0005*1*EA*3.1**VP*273899*SK*273899*UP*703287107485PID*F****CACTUS GRAFTS (5.8FL OZ/16ML)BNPO4**1*EAPO1*0006*6*EA*9.2**VP*293069*SK*293069*UP*703287107065PID*F****AZALEA LANDSCAPER 3G BNPO4**1*EAPO1*0007*8*EA*2.7**VP*307357*SK*307357*UP*094392363676PID*F****HOSTA QUARTPO4**1*EAPO1*0008*8*EA*3.95**VP*319150*SK*319150*UP*094392002322PID*F****HOSTA 2.75QTPO4**1*EAPO1*0009*6*EA*3.75**VP*321759*SK*321759*UP*094392006047PID*F****PERENNIAL 2.75QTPO4**1*EAPO1*0010*18*EA*2.7**VP*322253*SK*322253*UP*094392005644PID*F****PERENNIAL 1.06QTPO4**1*EAPO1*0011*1*EA*23.5**VP*363340*SK*363340*UP*703287102442PID*F****SPECIMEN TREE 5G BNPO4**1*EAPO1*0012*18*EA*2.9**VP*448075*SK*448075*UP*048834211124PID*F****VIGORO SELECT PINT ANNUALPO4**1*EAPO1*0013*1*EA*2.9**VP*452670*SK*452670*UP*048834511132PID*F****VIGORO 1PINT ANNUALPO4**1*EAPO1*0014*8*EA*5.9**VP*456422*SK*456422*UP*048834811126PID*F**** VIGORO SELECT GALLON ANNUALPO4**1*EAPO1*0015*2*EA*8.25**VP*470998*SK*470998*UP*724188002990PID*F****STRAW POT 6PKPO4**1*EAPO1*0016*5*EA*3.55**VP*548007*SK*548007*UP*703287101124PID*F****PERENNIAL .63G (2.38L) BNPO4**1*EAPO1*0017*5*EA*17**VP*549408*SK*549408*UP*703287101308PID*F****MANDEVILLA TRELLIS 2.33G (8.83L)BNPO4**1*EAPO1*0018*2*EA*8.25**VP*553208*SK*553208*UP*703287101872PID*F****TROPICAL FOLIAGE PREM 6 BNPO4**1*EAPO1*0019*4*EA*12**VP*553437*SK*553437*UP*703287101933PID*F****TROPICAL FOLIAGE PREM 8 BNPO4**1*EAPO1*0020*3*EA*10.25**VP*553457*SK*553457*UP*703287101957PID*F****TROPICAL FOLIAGE PROMO 10 BNPO4**1*EAPO1*0021*1*EA*53**VP*554959*SK*554959*UP*703287102022PID*F****TROPICAL FOLIAGE 14 GROUP 1 BNPO4**1*EAPO1*0022*2*EA*9.8**VP*556570*SK*556570*UP*703287102114PID*F****HIBISCUS 7 BRAID BNPO4**1*EAPO1*0023*2*EA*3.6**VP*604260*SK*604260*UP*703287101155PID*F****PETUNIA WAVE 1.4QT(1.32L) BNPO4**1*EAPO1*0024*5*EA*2.85**VP*604366*SK*604366*UP*703287100127PID*F****GERBERA DAISY 1.39PT(.64L) BNPO4**1*EAPO1*0025*5*EA*15**VP*604379*SK*604379*UP*703287101360PID*F****ANNUAL PATIO COLOR 3.4G(12.9L) BNPO4**1*EAPO1*0026*57*EA*.85**VP*604402*SK*604402*UP*703287100110PID*F****ANNUAL BEDDING PLANT .96PT(.45L) BNPO4**1*EAPO1*0027*1*EA*1.65**VP*604429*SK*604429*UP*703287101605PID*F****ANNUAL ACCENT PLANT .96PT(.45L) BNPO4**1*EAPO1*0028*2*EA*5.9**VP*604493*SK*604493*UP*703287101537PID*F****ANNUAL SPECIALTY 2.6QT(2.46L)BNPO4**1*EAPO1*0029*2*EA*18.75**VP*604495*SK*604495*UP*703287100783PID*F****ANNUAL FESTIVAL POT 5.52G(20.9L) BNPO4**1*EAPO1*0030*5*EA*2.35**VP*604529*SK*604529*UP*725651500005PID*F****ANNUAL 1.4QT (1.32L) BNPO4**1*EAPO1*0031*4*EA*8.59**VP*604585*SK*604585*UP*703287100073PID*F****ANNUAL FLWG. PREM HB 4.9QT(4.63L) BNPO4**1*EAPO1*0032*15*EA*4.25**VP*604636*SK*604636*UP*703287100332PID*F****GERANIUM ZONAL 1.4QT(1.32L) BNPO4**1*EAPO1*0033*2*EA*9**VP*604661*SK*604661*UP*703287100301PID*F****SPECIAL PRICE 1- BELL NURSERYPO4**1*EAPO1*0034*7*EA*5**VP*604662*SK*604662*UP*703287100318PID*F****SPECIAL PRICE 2-BELL NURSERYPO4**1*EAPO1*0035*33*EA*5.15**VP*610170*SK*610170*UP*703287101599PID*F****ANNUAL HALF FLAT 0.091QT(86.83ML)KWGPO4**1*EAPO1*0036*8*EA*7.4**VP*610643*SK*610643*UP*703287101667PID*F****ANNUAL FULL FLAT 3.38OZ(100ML)KWGPO4**1*EAPO1*0037*19*EA*2.02**VP*617188*SK*617188*UP*703287100554PID*F****SPECIAL MARKDOWN SKU $2.67-BNPO4**1*EAPO1*0038*1*EA*20**VP*642380*SK*642380*UP*703287102534PID*F****ORCHID PHALAENOPSIS 6IN BNPO4**1*EAPO1*0039*1*EA*9.75**VP*651881*SK*651881*UP*703287102626PID*F****AZALEA ENCORE 1GPO4**1*EAPO1*0040*1*EA*16.9**VP*707782*SK*707782*UP*703287107171PID*F****PROVEN WINNER SHRUB 3G BNPO4**1*EAPO1*0041*1*EA*15.96**VP*858431*SK*858431*UP*703287106273PID*F****LOROPETALUM ASST 3G BNPO4**1*EAPO1*0042*3*EA*5.32**VP*858860*SK*858860*UP*703287106327PID*F****NANDINA FIREPOWER 1G BNPO4**1*EAPO1*0043*1*EA*4.85**VP*899643*SK*899643*UP*703287103166PID*F****AZALEA 1G BNPO4**1*EAPO1*0044*1*EA*8.63**VP*927502*SK*927502*UP*703287106730PID*F****RUBUS RASPBERRY FORMOSA GC 1G BNPO4**1*EAPO1*0045*1*EA*15.15**VP*930729*SK*930729*UP*703287103906PID*F****ILEX HOLLY ASST 3G BNPO4**1*EAPO1*0046*2*EA*13.94**VP*934920*SK*934920*UP*703287104293PID*F****NANDINA FIREPOWER 3G BNPO4**1*EAPO1*0047*1*EA*16.02**VP*943731*SK*943731*UP*703287104521PID*F****ROSE KNOCKOUT 3G BNPO4**1*EAPO1*0048*1*EA*3**VP*957166*SK*957166*UP*703287101438PID*F****PROVEN WINNERS 4.5IN 1.31PT/619.8MLPO4**1*EAPO1*0049*2*EA*8**VP*992112*SK*992112*UP*842276001578PID*F****VIVA! PERENNIALS 3.70QTPO4**1*EAPO1*0050*10*EA*4**VP*997327*SK*997327*UP*703287104705PID*F****FESCUE TALL TURF SOD 10 SQ FTPO4**1*EACTT*50*304AMT*TT*2122.48SE*163*000098959ST*850*000098960BEG*00*CN*33000217**20080429*4633000217CUR*BY*USDDTM*038*20080502N1*OB**92*4633N3*2600 CONDUIT RDN4*COLONIAL HEIGHTS*VA*23834REF*DP*028REF*3J*0001REF*MR*0000071643PO1*0001*4*EA*2.45**VP*172815*SK*172815*UP*715869300030PID*F****ANGEL PLANT 3.8INPO4**1*EAPO1*0002*1*EA*12**VP*230914*SK*230914*UP*703287106877PID*F****ACER JAP MAPLE 1G BNPO4**1*EAPO1*0003*1*EA*4.25**VP*273082*SK*273082*UP*703287107478PID*F****FAIRY CASTLE 3.25"-8.2FL OZ/235ML BNPO4**1*EAPO1*0004*4*EA*9.2**VP*293069*SK*293069*UP*703287107065PID*F****AZALEA LANDSCAPER 3G BNPO4**1*EAPO1*0005*4*EA*9.2**VP*293103*SK*293103*UP*703287107089PID*F****ILEX COMPACTA HOLLY LANDSCAPER 3G BNPO4**1*EAPO1*0006*6*EA*9.2**VP*293317*SK*293317*UP*703287107119PID*F****LIGUSTRUM RECURVE LANDSCAPER 3G BNPO4**1*EAPO1*0007*3*EA*9.2**VP*293344*SK*293344*UP*703287107126PID*F****CUPRESSOCYPARIS LEYLAND LANDSC 3G BNPO4**1*EAPO1*0008*3*EA*2.7**VP*307357*SK*307357*UP*094392363676PID*F****HOSTA QUARTPO4**1*EAPO1*0009*1*EA*5.6**VP*315253*SK*315253*UP*094392009963PID*F****PERENNIAL 3.70QTPO4**1*EAPO1*0010*12*EA*3.95**VP*319150*SK*319150*UP*094392002322PID*F****HOSTA 2.75QTPO4**1*EAPO1*0011*29*EA*3.75**VP*321759*SK*321759*UP*094392006047PID*F****PERENNIAL 2.75QTPO4**1*EAPO1*0012*4*EA*2.7**VP*322253*SK*322253*UP*094392005644PID*F****PERENNIAL 1.06QTPO4**1*EAPO1*0013*8*EA*1.55**VP*322574*SK*322574*UP*094392363706PID*F****GROUNDCOVER 1.11PTPO4**1*EAPO1*0014*1*EA*2.9**VP*447221*SK*447221*UP*048834111196PID*F****VIGORO SELECT PINT ANNUALPO4**1*EAPO1*0015*67*EA*2.9**VP*448075*SK*448075*UP*048834211124PID*F****VIGORO SELECT PINT ANNUALPO4**1*EAPO1*0016*1*EA*2.9**VP*452670*SK*452670*UP*048834511132PID*F****VIGORO 1PINT ANNUALPO4**1*EAPO1*0017*28*EA*5.9**VP*456422*SK*456422*UP*048834811126PID*F**** VIGORO SELECT GALLON ANNUALPO4**1*EAPO1*0018*10*EA*8.25**VP*470998*SK*470998*UP*724188002990PID*F****STRAW POT 6PKPO4**1*EAPO1*0019*3*EA*13.5**VP*549189*SK*549189*UP*703287100974PID*F****HIBISCUS BUSH PREM 2.33G (8.83L) BNPO4**1*EAPO1*0020*3*EA*17**VP*549408*SK*549408*UP*703287101308PID*F****MANDEVILLA TRELLIS 2.33G (8.83L)BNPO4**1*EAPO1*0021*4*EA*8.25**VP*553208*SK*553208*UP*703287101872PID*F****TROPICAL FOLIAGE PREM 6 BNPO4**1*EAPO1*0022*3*EA*8**VP*553307*SK*553307*UP*703287101896PID*F****ANTHURIUM 6 BNPO4**1*EAPO1*0023*2*EA*12**VP*553437*SK*553437*UP*703287101933PID*F****TROPICAL FOLIAGE PREM 8 BNPO4**1*EAPO1*0024*6*EA*10.25**VP*553457*SK*553457*UP*703287101957PID*F****TROPICAL FOLIAGE PROMO 10 BNPO4**1*EAPO1*0025*2*EA*9.8**VP*556570*SK*556570*UP*703287102114PID*F****HIBISCUS 7 BRAID BNPO4**1*EAPO1*0026*14*EA*3.6**VP*604260*SK*604260*UP*703287101155PID*F****PETUNIA WAVE 1.4QT(1.32L) BNPO4**1*EAPO1*0027*30*EA*8**VP*604327*SK*604327*UP*703287100080PID*F****FERN BOSTON 4.9QT(4.63L) BNPO4**1*EAPO1*0028*2*EA*5.6**VP*604358*SK*604358*UP*703287100257PID*F****CALADIUM 1.4QT(1.32L) BNPO4**1*EAPO1*0029*14*EA*2.85**VP*604366*SK*604366*UP*703287100127PID*F****GERBERA DAISY 1.39PT(.64L) BNPO4**1*EAPO1*0030*2*EA*15**VP*604379*SK*604379*UP*703287101360PID*F****ANNUAL PATIO COLOR 3.4G(12.9L) BNPO4**1*EAPO1*0031*47*EA*.85**VP*604402*SK*604402*UP*703287100110PID*F****ANNUAL BEDDING PLANT .96PT(.45L) BNPO4**1*EAPO1*0032*5*EA*13.5**VP*604426*SK*604426*UP*703287101261PID*F****ANNUAL FIBER HB 1.34G(5.1L) BNPO4**1*EAPO1*0033*1*EA*1.65**VP*604429*SK*604429*UP*703287101605PID*F****ANNUAL ACCENT PLANT .96PT(.45L) BNPO4**1*EAPO1*0034*49*EA*2.35**VP*604529*SK*604529*UP*725651500005PID*F****ANNUAL 1.4QT (1.32L) BNPO4**1*EAPO1*0035*1*EA*18**VP*604542*SK*604542*UP*703287100585PID*F****ANNUAL COCO LINED HB 152OZ(4.5L)BNPO4**1*EAPO1*0036*1*EA*8.59**VP*604585*SK*604585*UP*703287100073PID*F****ANNUAL FLWG. PREM HB 4.9QT(4.63L) BNPO4**1*EAPO1*0037*6*EA*4.25**VP*604636*SK*604636*UP*703287100332PID*F****GERANIUM ZONAL 1.4QT(1.32L) BNPO4**1*EAPO1*0038*7*EA*7.4**VP*610643*SK*610643*UP*703287101667PID*F****ANNUAL FULL FLAT 3.38OZ(100ML)KWGPO4**1*EAPO1*0039*7*EA*9.75**VP*651881*SK*651881*UP*703287102626PID*F****AZALEA ENCORE 1GPO4**1*EAPO1*0040*2*EA*22**VP*651883*SK*651883*UP*703287102633PID*F****AZALEA ENCORE 3GPO4**1*EAPO1*0041*2*EA*5.15**VP*898257*SK*898257*UP*703287103029PID*F****ARBORVITAE EMERALD GREEN 1G BNPO4**1*EAPO1*0042*1*EA*10.5**VP*931917*SK*931917*UP*703287104040PID*F****HYDRANGEA HD EXCLUSIVE 8IN BNPO4**1*EAPO1*0043*2*EA*16.02**VP*943731*SK*943731*UP*703287104521PID*F****ROSE KNOCKOUT 3G BNPO4**1*EAPO1*0044*2*EA*11.5**VP*946734*SK*946734*UP*703287104309PID*F****PAEONIA PEONY 2G BNPO4**1*EAPO1*0045*1*EA*3**VP*957166*SK*957166*UP*703287101438PID*F****PROVEN WINNERS 4.5IN 1.31PT/619.8MLPO4**1*EAPO1*0046*1*EA*8**VP*992112*SK*992112*UP*842276001578PID*F****VIVA! PERENNIALS 3.70QTPO4**1*EACTT*46*407AMT*TT*2484.26SE*151*000098960GE*5*3267IEA*00001*000003463
ISA*00*          *00*          *14*0722717110100  *12*8048836527     *080429*0209*|*00406*000003464*0*P*>GS*PO*072271711*8048836527*20080429*0209*3268*X*004060ST*850*000098970BEG*00*CN*32041003**20080429*3632041003CUR*BY*USDDTM*038*20080502N1*OB**92*3632N3*1700 N POINTE DRN4*DURHAM*NC*27705REF*DP*028REF*3J*0001REF*MR*0000071643PO1*0001*1*EA*2.45**VP*172815*SK*172815*UP*715869300030PID*F****ANGEL PLANT 3.8INPO4**1*EAPO1*0002*1*EA*14.65**VP*210833*SK*210833*UP*703287102329PID*F****SHRUB ASST 3 BNPO4**1*EAPO1*0003*1*EA*59**VP*211968*SK*211968*UP*703287102398PID*F****SPECIMAN SHRUB 3 BNPO4**1*EAPO1*0004*7*EA*12**VP*230914*SK*230914*UP*703287106877PID*F****ACER JAP MAPLE 1G BNPO4**1*EAPO1*0005*1*EA*4.25**VP*273082*SK*273082*UP*703287107478PID*F****FAIRY CASTLE 3.25"-8.2FL OZ/235ML BNPO4**1*EAPO1*0006*1*EA*9.2**VP*293069*SK*293069*UP*703287107065PID*F****AZALEA LANDSCAPER 3G BNPO4**1*EAPO1*0007*13*EA*2.7**VP*307357*SK*307357*UP*094392363676PID*F****HOSTA QUARTPO4**1*EAPO1*0008*1*EA*3.95**VP*319150*SK*319150*UP*094392002322PID*F****HOSTA 2.75QTPO4**1*EAPO1*0009*32*EA*3.75**VP*321759*SK*321759*UP*094392006047PID*F****PERENNIAL 2.75QTPO4**1*EAPO1*0010*4*EA*2.7**VP*322253*SK*322253*UP*094392005644PID*F****PERENNIAL 1.06QTPO4**1*EAPO1*0011*10*EA*2.7**VP*322257*SK*322257*UP*094392363737PID*F****GROUNDCOVER 1.06QTPO4**1*EAPO1*0012*2*EA*2.1**VP*342318*SK*342318*UP*855511000182PID*F****PETUNIA WAVE 1 PINTPO4**1*EAPO1*0013*18*EA*2.9**VP*448075*SK*448075*UP*048834211124PID*F****VIGORO SELECT PINT ANNUALPO4**1*EAPO1*0014*2*EA*2.9**VP*452670*SK*452670*UP*048834511132PID*F****VIGORO 1PINT ANNUALPO4**1*EAPO1*0015*8*EA*5.9**VP*456422*SK*456422*UP*048834811126PID*F**** VIGORO SELECT GALLON ANNUALPO4**1*EAPO1*0016*1*EA*8.25**VP*470998*SK*470998*UP*724188002990PID*F****STRAW POT 6PKPO4**1*EAPO1*0017*5*EA*3.55**VP*548007*SK*548007*UP*703287101124PID*F****PERENNIAL .63G (2.38L) BNPO4**1*EAPO1*0018*5*EA*13.5**VP*549189*SK*549189*UP*703287100974PID*F****HIBISCUS BUSH PREM 2.33G (8.83L) BNPO4**1*EAPO1*0019*4*EA*17**VP*549408*SK*549408*UP*703287101308PID*F****MANDEVILLA TRELLIS 2.33G (8.83L)BNPO4**1*EAPO1*0020*10*EA*7.8**VP*550634*SK*550634*UP*703287100547PID*F****BEGONIA HIEMALIS 1.5QT (1.6L) BNPO4**1*EAPO1*0021*3*EA*8.25**VP*553208*SK*553208*UP*703287101872PID*F****TROPICAL FOLIAGE PREM 6 BNPO4**1*EAPO1*0022*4*EA*10.25**VP*553457*SK*553457*UP*703287101957PID*F****TROPICAL FOLIAGE PROMO 10 BNPO4**1*EAPO1*0023*1*EA*25.5**VP*553997*SK*553997*UP*703287101988PID*F****TROPICAL FOLIAGE 10 ULTRA PREM BNPO4**1*EAPO1*0024*6*EA*3.6**VP*604260*SK*604260*UP*703287101155PID*F****PETUNIA WAVE 1.4QT(1.32L) BNPO4**1*EAPO1*0025*11*EA*8**VP*604327*SK*604327*UP*703287100080PID*F****FERN BOSTON 4.9QT(4.63L) BNPO4**1*EAPO1*0026*1*EA*5.6**VP*604358*SK*604358*UP*703287100257PID*F****CALADIUM 1.4QT(1.32L) BNPO4**1*EAPO1*0027*18*EA*2.85**VP*604366*SK*604366*UP*703287100127PID*F****GERBERA DAISY 1.39PT(.64L) BNPO4**1*EAPO1*0028*71*EA*.85**VP*604402*SK*604402*UP*703287100110PID*F****ANNUAL BEDDING PLANT .96PT(.45L) BNPO4**1*EAPO1*0029*6*EA*3.85**VP*604422*SK*604422*UP*703287100776PID*F****IMPATIEN NEW GUINEA 1.4QT(1.32L) BNPO4**1*EAPO1*0030*3*EA*13.5**VP*604426*SK*604426*UP*703287101261PID*F****ANNUAL FIBER HB 1.34G(5.1L) BNPO4**1*EAPO1*0031*4*EA*1.65**VP*604429*SK*604429*UP*703287101605PID*F****ANNUAL ACCENT PLANT .96PT(.45L) BNPO4**1*EAPO1*0032*2*EA*5.9**VP*604493*SK*604493*UP*703287101537PID*F****ANNUAL SPECIALTY 2.6QT(2.46L)BNPO4**1*EAPO1*0033*9*EA*2.35**VP*604529*SK*604529*UP*725651500005PID*F****ANNUAL 1.4QT (1.32L) BNPO4**1*EAPO1*0034*2*EA*18**VP*604542*SK*604542*UP*703287100585PID*F****ANNUAL COCO LINED HB 152OZ(4.5L)BNPO4**1*EAPO1*0035*8*EA*4.25**VP*604636*SK*604636*UP*703287100332PID*F****GERANIUM ZONAL 1.4QT(1.32L) BNPO4**1*EAPO1*0036*4*EA*5**VP*604662*SK*604662*UP*703287100318PID*F****SPECIAL PRICE 2-BELL NURSERYPO4**1*EAPO1*0037*9*EA*5.15**VP*610170*SK*610170*UP*703287101599PID*F****ANNUAL HALF FLAT 0.091QT(86.83ML)KWGPO4**1*EAPO1*0038*3*EA*7.4**VP*610643*SK*610643*UP*703287101667PID*F****ANNUAL FULL FLAT 3.38OZ(100ML)KWGPO4**1*EAPO1*0039*2*EA*9.75**VP*651881*SK*651881*UP*703287102626PID*F****AZALEA ENCORE 1GPO4**1*EAPO1*0040*3*EA*8.4**VP*651884*SK*651884*UP*703287101025PID*F****FLORAL INDOOR 6IN ASSTPO4**1*EAPO1*0041*8*EA*4.85**VP*899643*SK*899643*UP*703287103166PID*F****AZALEA 1G BNPO4**1*EAPO1*0042*1*EA*25.95**VP*903141*SK*903141*UP*703287103371PID*F****CAMELLIA SASANQUA 5G BNPO4**1*EAPO1*0043*2*EA*1.75**VP*929438*SK*929438*UP*703287102695PID*F****AFRICAN VIOLET 4IN (393ML/13.30FLOZ)PO4**1*EAPO1*0044*7*EA*3.9**VP*932214*SK*932214*UP*703287104101PID*F****JUNIPER ASST 1G BNPO4**1*EAPO1*0045*1*EA*14.83**VP*932379*SK*932379*UP*703287104125PID*F****JUMIPER ASST 3G BNPO4**1*EAPO1*0046*3*EA*16.02**VP*943731*SK*943731*UP*703287104521PID*F****ROSE KNOCKOUT 3G BNPO4**1*EAPO1*0047*3*EA*3**VP*957166*SK*957166*UP*703287101438PID*F****PROVEN WINNERS 4.5IN 1.31PT/619.8MLPO4**1*EACTT*47*322AMT*TT*1965.82SE*154*000098970ST*850*000098971BEG*00*CN*34052290**20080429*3634052290CUR*BY*USDDTM*038*20080502N1*OB**92*3634N3*9517 STRICKLAND RDN4*RALEIGH*NC*27615REF*DP*028REF*3J*0001REF*MR*0000071643PO1*0001*3*EA*12**VP*230914*SK*230914*UP*703287106877PID*F****ACER JAP MAPLE 1G BNPO4**1*EAPO1*0002*1*EA*22.3**VP*231009*SK*231009*UP*703287106884PID*F****MAGNOLIA SAUCER 5G BNPO4**1*EAPO1*0003*8*EA*2.7**VP*307357*SK*307357*UP*094392363676PID*F****HOSTA QUARTPO4**1*EAPO1*0004*1*EA*9**VP*310935*SK*310935*UP*094392350980PID*F****CLEMATIS W/ TRELLIS 2.75QTPO4**1*EAPO1*0005*3*EA*5.75**VP*315216*SK*315216*UP*094392006238PID*F****ORNAMENTAL GRASS 3.70QTPO4**1*EAPO1*0006*1*EA*3.95**VP*319150*SK*319150*UP*094392002322PID*F****HOSTA 2.75QTPO4**1*EAPO1*0007*43*EA*3.75**VP*321759*SK*321759*UP*094392006047PID*F****PERENNIAL 2.75QTPO4**1*EAPO1*0008*22*EA*2.7**VP*322253*SK*322253*UP*094392005644PID*F****PERENNIAL 1.06QTPO4**1*EAPO1*0009*7*EA*2.7**VP*322257*SK*322257*UP*094392363737PID*F****GROUNDCOVER 1.06QTPO4**1*EAPO1*0010*10*EA*1.55**VP*322574*SK*322574*UP*094392361658PID*F****GROUNDCOVER 1.11PTPO4**1*EAPO1*0011*74*EA*2.9**VP*447221*SK*447221*UP*048834111196PID*F****VIGORO SELECT PINT ANNUALPO4**1*EAPO1*0012*51*EA*2.9**VP*448075*SK*448075*UP*048834211124PID*F****VIGORO SELECT PINT ANNUALPO4**1*EAPO1*0013*3*EA*2.9**VP*452670*SK*452670*UP*048834511132PID*F****VIGORO 1PINT ANNUALPO4**1*EAPO1*0014*2*EA*5.9**VP*456333*SK*456333*UP*048834711174PID*F**** VIGORO SELECT GALLON ANNUALPO4**1*EAPO1*0015*4*EA*5.9**VP*456422*SK*456422*UP*048834811126PID*F**** VIGORO SELECT GALLON ANNUALPO4**1*EAPO1*0016*1*EA*3.55**VP*548007*SK*548007*UP*703287101124PID*F****PERENNIAL .63G (2.38L) BNPO4**1*EAPO1*0017*3*EA*13.5**VP*549189*SK*549189*UP*703287100974PID*F****HIBISCUS BUSH PREM 2.33G (8.83L) BNPO4**1*EAPO1*0018*11*EA*17**VP*549408*SK*549408*UP*703287101308PID*F****MANDEVILLA TRELLIS 2.33G (8.83L)BNPO4**1*EAPO1*0019*3*EA*8.25**VP*553208*SK*553208*UP*703287101872PID*F****TROPICAL FOLIAGE PREM 6 BNPO4**1*EAPO1*0020*2*EA*8**VP*553307*SK*553307*UP*703287101896PID*F****ANTHURIUM 6 BNPO4**1*EAPO1*0021*11*EA*8**VP*604327*SK*604327*UP*703287100080PID*F****FERN BOSTON 4.9QT(4.63L) BNPO4**1*EAPO1*0022*2*EA*5.6**VP*604358*SK*604358*UP*703287100257PID*F****CALADIUM 1.4QT(1.32L) BNPO4**1*EAPO1*0023*34*EA*2.85**VP*604366*SK*604366*UP*703287100127PID*F****GERBERA DAISY 1.39PT(.64L) BNPO4**1*EAPO1*0024*142*EA*.85**VP*604402*SK*604402*UP*703287100110PID*F****ANNUAL BEDDING PLANT .96PT(.45L) BNPO4**1*EAPO1*0025*2*EA*13.5**VP*604426*SK*604426*UP*703287101261PID*F****ANNUAL FIBER HB 1.34G(5.1L) BNPO4**1*EAPO1*0026*11*EA*1.65**VP*604429*SK*604429*UP*703287101605PID*F****ANNUAL ACCENT PLANT .96PT(.45L) BNPO4**1*EAPO1*0027*1*EA*12**VP*604459*SK*604459*UP*703287100653PID*F****ANNUAL GARDEN BOWL 1.5G(6L) BNPO4**1*EAPO1*0028*1*EA*5.9**VP*604493*SK*604493*UP*703287101537PID*F****ANNUAL SPECIALTY 2.6QT(2.46L)BNPO4**1*EAPO1*0029*19*EA*2.35**VP*604529*SK*604529*UP*725651500005PID*F****ANNUAL 1.4QT (1.32L) BNPO4**1*EAPO1*0030*6*EA*18**VP*604542*SK*604542*UP*703287100585PID*F****ANNUAL COCO LINED HB 152OZ(4.5L)BNPO4**1*EAPO1*0031*5*EA*8.59**VP*604585*SK*604585*UP*703287100073PID*F****ANNUAL FLWG. PREM HB 4.9QT(4.63L) BNPO4**1*EAPO1*0032*3*EA*4.25**VP*604636*SK*604636*UP*703287100332PID*F****GERANIUM ZONAL 1.4QT(1.32L) BNPO4**1*EAPO1*0033*19*EA*5.15**VP*610170*SK*610170*UP*703287101599PID*F****ANNUAL HALF FLAT 0.091QT(86.83ML)KWGPO4**1*EAPO1*0034*6*EA*7.4**VP*610643*SK*610643*UP*703287101667PID*F****ANNUAL FULL FLAT 3.38OZ(100ML)KWGPO4**1*EAPO1*0035*3*EA*9.75**VP*651881*SK*651881*UP*703287102626PID*F****AZALEA ENCORE 1GPO4**1*EAPO1*0036*3*EA*22**VP*651883*SK*651883*UP*703287102633PID*F****AZALEA ENCORE 3GPO4**1*EAPO1*0037*1*EA*8.4**VP*651884*SK*651884*UP*703287101025PID*F****FLORAL INDOOR 6IN ASSTPO4**1*EAPO1*0038*1*EA*16.9**VP*707782*SK*707782*UP*703287107171PID*F****PROVEN WINNER SHRUB 3G BNPO4**1*EAPO1*0039*1*EA*2.1**VP*820037*SK*820037*UP*703287107225PID*F****SUCCULENT 2.5"Z COVERS-5.8FL OZ/16MLPO4**1*EAPO1*0040*1*EA*22**VP*904363*SK*904363*UP*703287105177PID*F****CORNUS DOGWOOD PINK 5G BNPO4**1*EAPO1*0041*1*EA*14.3**VP*904726*SK*904726*UP*703287105191PID*F****CORNUS RED/YELLOW TWIG DOGWOOD 3G BNPO4**1*EAPO1*0042*1*EA*15.75**VP*905485*SK*905485*UP*703287105252PID*F****PRUNUS PEACH TREE DWARF 5G BNPO4**1*EAPO1*0043*1*EA*17.16**VP*911854*SK*911854*UP*703287105665PID*F****PINE WHITE 3G BNPO4**1*EAPO1*0044*1*EA*1.75**VP*929438*SK*929438*UP*703287102695PID*F****AFRICAN VIOLET 4IN (393ML/13.30FLOZ)PO4**1*EAPO1*0045*5*EA*20.85**VP*929805*SK*929805*UP*703287103807PID*F****EUONYMUS GOLD 5G BNPO4**1*EAPO1*0046*7*EA*3.9**VP*932214*SK*932214*UP*703287104101PID*F****JUNIPER ASST 1G BNPO4**1*EAPO1*0047*5*EA*16.02**VP*943731*SK*943731*UP*703287104521PID*F****ROSE KNOCKOUT 3G BNPO4**1*EAPO1*0048*2*EA*3**VP*957166*SK*957166*UP*703287101438PID*F****PROVEN WINNERS 4.5IN 1.31PT/619.8MLPO4**1*EAPO1*0049*1*EA*7.75**VP*974806*SK*974806*UP*094392364888PID*F****CORDYLINE 2.75QTPO4**1*EAPO1*0050*2*EA*12.5**VP*993202*SK*993202*UP*703287106457PID*F****ROSE NON PATENT 3G BNPO4**1*EACTT*50*551AMT*TT*2900.15SE*163*000098971ST*850*000098972BEG*00*CN*44088991**20080429*3644088991CUR*BY*USDDTM*038*20080502N1*OB**92*3644N3*1000 VISION DRN4*APEX*NC*27502REF*DP*028REF*3J*0001REF*MR*0000071643PO1*0001*2*EA*21.31**VP*205545*SK*205545*UP*703287101797PID*F****GIFT READY - GROUP F BNPO4**1*EAPO1*0002*3*EA*12**VP*230914*SK*230914*UP*703287106877PID*F****ACER JAP MAPLE 1G BNPO4**1*EAPO1*0003*3*EA*9.2**VP*293069*SK*293069*UP*703287107065PID*F****AZALEA LANDSCAPER 3G BNPO4**1*EAPO1*0004*21*EA*3.75**VP*321759*SK*321759*UP*094392006047PID*F****PERENNIAL 2.75QTPO4**1*EAPO1*0005*4*EA*2.7**VP*322257*SK*322257*UP*094392363737PID*F****GROUNDCOVER 1.06QTPO4**1*EAPO1*0006*2*EA*1.55**VP*322574*SK*322574*UP*094392361658PID*F****GROUNDCOVER 1.11PTPO4**1*EAPO1*0007*1*EA*17**VP*363673*SK*363673*UP*703287101704PID*F****HIBISCUS EXOTIC PERENNIAL 3G BNPO4**1*EAPO1*0008*5*EA*2.9**VP*447221*SK*447221*UP*048834111196PID*F****VIGORO SELECT PINT ANNUALPO4**1*EAPO1*0009*10*EA*2.9**VP*448075*SK*448075*UP*048834211124PID*F****VIGORO SELECT PINT ANNUALPO4**1*EAPO1*0010*3*EA*5.9**VP*456422*SK*456422*UP*048834811126PID*F**** VIGORO SELECT GALLON ANNUALPO4**1*EAPO1*0011*12*EA*8.25**VP*470998*SK*470998*UP*724188002990PID*F****STRAW POT 6PKPO4**1*EAPO1*0012*2*EA*15**VP*549690*SK*549690*UP*703287100202PID*F****TROPICAL PATIO 3G (11.35L) BNPO4**1*EAPO1*0013*7*EA*10.25**VP*553457*SK*553457*UP*703287101957PID*F****TROPICAL FOLIAGE PROMO 10 BNPO4**1*EAPO1*0014*21*EA*8**VP*604327*SK*604327*UP*703287100080PID*F****FERN BOSTON 4.9QT(4.63L) BNPO4**1*EAPO1*0015*1*EA*5.6**VP*604358*SK*604358*UP*703287100257PID*F****CALADIUM 1.4QT(1.32L) BNPO4**1*EAPO1*0016*14*EA*2.85**VP*604366*SK*604366*UP*703287100127PID*F****GERBERA DAISY 1.39PT(.64L) BNPO4**1*EAPO1*0017*80*EA*.85**VP*604402*SK*604402*UP*703287100110PID*F****ANNUAL BEDDING PLANT .96PT(.45L) BNPO4**1*EAPO1*0018*11*EA*1.65**VP*604429*SK*604429*UP*703287101605PID*F****ANNUAL ACCENT PLANT .96PT(.45L) BNPO4**1*EAPO1*0019*2*EA*18.75**VP*604495*SK*604495*UP*703287100783PID*F****ANNUAL FESTIVAL POT 5.52G(20.9L) BNPO4**1*EAPO1*0020*12*EA*2.35**VP*604529*SK*604529*UP*703287100363PID*F****ANNUAL 1.4QT (1.32L) BNPO4**1*EAPO1*0021*3*EA*18**VP*604542*SK*604542*UP*703287100585PID*F****ANNUAL COCO LINED HB 152OZ(4.5L)BNPO4**1*EAPO1*0022*5*EA*1.5**VP*604577*SK*604577*UP*703287101568PID*F****GROUND COVER .96PT(.45L) BNPO4**1*EAPO1*0023*3*EA*8.59**VP*604585*SK*604585*UP*703287100073PID*F****ANNUAL FLWG. PREM HB 4.9QT(4.63L) BNPO4**1*EAPO1*0024*2*EA*4.25**VP*604636*SK*604636*UP*703287100332PID*F****GERANIUM ZONAL 1.4QT(1.32L) BNPO4**1*EAPO1*0025*9*EA*5.15**VP*610170*SK*610170*UP*703287101599PID*F****ANNUAL HALF FLAT 0.091QT(86.83ML)KWGPO4**1*EAPO1*0026*3*EA*7.4**VP*610643*SK*610643*UP*703287101667PID*F****ANNUAL FULL FLAT 3.38OZ(100ML)KWGPO4**1*EAPO1*0027*2*EA*9.75**VP*651881*SK*651881*UP*703287102626PID*F****AZALEA ENCORE 1GPO4**1*EAPO1*0028*1*EA*3**VP*820109*SK*820109*UP*703287107263PID*F****JADE 4"(12.6FL OZ/360ML) BNPO4**1*EAPO1*0029*1*EA*5.5**VP*820110*SK*820110*UP*703287107270PID*F****JADE 6" (1.9PT/900ML) BNPO4**1*EAPO1*0030*3*EA*2.2**VP*820276*SK*820276*UP*703287107331PID*F****ALOE&HAWORTHIA 2.5"SLVD-5.8FLOZ/16MLPO4**1*EAPO1*0031*1*EA*19.95**VP*898587*SK*898587*UP*703287103043PID*F****ARBORVITAE EMERALD GREEN 5G BNPO4**1*EAPO1*0032*1*EA*10.5**VP*931917*SK*931917*UP*703287104040PID*F****HYDRANGEA HD EXCLUSIVE 8IN BNPO4**1*EAPO1*0033*6*EA*16.02**VP*943731*SK*943731*UP*703287104521PID*F****ROSE KNOCKOUT 3G BNPO4**1*EAPO1*0034*1*EA*11.1**VP*991849*SK*991849*UP*703287106396PID*F****RUBUS RASPBERRY 2G BNPO4**1*EAPO1*0035*2*EA*8**VP*992112*SK*992112*UP*842276001578PID*F****VIVA! PERENNIALS 3.70QTPO4**1*EAPO1*0036*3*EA*8**VP*993169*SK*993169*UP*703287106440PID*F****ROSE NONO PATENT 2G BNPO4**1*EACTT*36*262AMT*TT*1531.88SE*121*000098972ST*850*000098976BEG*00*CN*27037165**20080429*4627037165CUR*BY*USDDTM*038*20080502N1*OB**92*4627N3*12300 CHATTANOOGA PLAZAN4*MIDLOTHIAN*VA*23112REF*DP*028REF*3J*0001REF*MR*0000071643PO1*0001*1*EA*2.45**VP*172815*SK*172815*UP*010602020580PID*F****ANGEL PLANT 3.8INPO4**1*EAPO1*0002*1*EA*14.65**VP*210833*SK*210833*UP*703287102329PID*F****SHRUB ASST 3 BNPO4**1*EAPO1*0003*1*EA*59**VP*211968*SK*211968*UP*703287102398PID*F****SPECIMAN SHRUB 3 BNPO4**1*EAPO1*0004*1*EA*10**VP*227808*SK*227808*UP*725651141413PID*F****ANNUAL COLOR BOWL 14IN VMIPO4**1*EAPO1*0005*6*EA*12**VP*230914*SK*230914*UP*703287106877PID*F****ACER JAP MAPLE 1G BNPO4**1*EAPO1*0006*1*EA*2.05**VP*270232*SK*270232*UP*703287107423PID*F****CACTI/SUCC 2.5IN(5.8FL OZ/16ML) BNPO4**1*EAPO1*0007*1*EA*3.1**VP*271056*SK*271056*UP*703287107430PID*F****CACTI/SUCC 3.25IN (8.2FL OZ/235ML)BNPO4**1*EAPO1*0008*2*EA*4.25**VP*273082*SK*273082*UP*703287107478PID*F****FAIRY CASTLE 3.25"-8.2FL OZ/235ML BNPO4**1*EAPO1*0009*1*EA*14.5**VP*292951*SK*292951*UP*703287107041PID*F****CLEYERA 3G BNPO4**1*EAPO1*0010*4*EA*9.2**VP*293231*SK*293231*UP*703287107096PID*F****ILEX HELLERI HOLLY LANDSCAPER 3G BNPO4**1*EAPO1*0011*15*EA*9.2**VP*293317*SK*293317*UP*703287107119PID*F****LIGUSTRUM RECURVE LANDSCAPER 3G BNPO4**1*EAPO1*0012*8*EA*2.7**VP*307357*SK*307357*UP*094392363676PID*F****HOSTA QUARTPO4**1*EAPO1*0013*3*EA*3.75**VP*321759*SK*321759*UP*094392006047PID*F****PERENNIAL 2.75QTPO4**1*EAPO1*0014*12*EA*2.7**VP*322253*SK*322253*UP*094392005644PID*F****PERENNIAL 1.06QTPO4**1*EAPO1*0015*3*EA*2.7**VP*322257*SK*322257*UP*094392363737PID*F****GROUNDCOVER 1.06QTPO4**1*EAPO1*0016*1*EA*1.55**VP*322574*SK*322574*UP*094392361658PID*F****GROUNDCOVER 1.11PTPO4**1*EAPO1*0017*4*EA*2.1**VP*342318*SK*342318*UP*855511000182PID*F****PETUNIA WAVE 1 PINTPO4**1*EAPO1*0018*13*EA*2.9**VP*447221*SK*447221*UP*048834111196PID*F****VIGORO SELECT PINT ANNUALPO4**1*EAPO1*0019*21*EA*2.9**VP*448075*SK*448075*UP*048834211124PID*F****VIGORO SELECT PINT ANNUALPO4**1*EAPO1*0020*6*EA*2.9**VP*452670*SK*452670*UP*048834511132PID*F****VIGORO 1PINT ANNUALPO4**1*EAPO1*0021*2*EA*5.9**VP*456422*SK*456422*UP*048834811126PID*F**** VIGORO SELECT GALLON ANNUALPO4**1*EAPO1*0022*9*EA*8.25**VP*470998*SK*470998*UP*724188002990PID*F****STRAW POT 6PKPO4**1*EAPO1*0023*5*EA*3.55**VP*548007*SK*548007*UP*703287101124PID*F****PERENNIAL .63G (2.38L) BNPO4**1*EAPO1*0024*3*EA*13.5**VP*549189*SK*549189*UP*703287100974PID*F****HIBISCUS BUSH PREM 2.33G (8.83L) BNPO4**1*EAPO1*0025*1*EA*17**VP*549408*SK*549408*UP*703287101308PID*F****MANDEVILLA TRELLIS 2.33G (8.83L)BNPO4**1*EAPO1*0026*10*EA*8.25**VP*553208*SK*553208*UP*703287101872PID*F****TROPICAL FOLIAGE PREM 6 BNPO4**1*EAPO1*0027*3*EA*10.25**VP*553457*SK*553457*UP*703287101957PID*F****TROPICAL FOLIAGE PROMO 10 BNPO4**1*EAPO1*0028*1*EA*18.5**VP*553769*SK*553769*UP*703287101971PID*F****TROPICAL FOLIAGE PREM 10 BNPO4**1*EAPO1*0029*2*EA*33**VP*554879*SK*554879*UP*703287102008PID*F****TROPICAL FOLIAGE 14 PROMO BNPO4**1*EAPO1*0030*1*EA*8**VP*604327*SK*604327*UP*703287100080PID*F****FERN BOSTON 4.9QT(4.63L) BNPO4**1*EAPO1*0031*1*EA*5.6**VP*604358*SK*604358*UP*703287100257PID*F****CALADIUM 1.4QT(1.32L) BNPO4**1*EAPO1*0032*4*EA*2.85**VP*604366*SK*604366*UP*703287100127PID*F****GERBERA DAISY 1.39PT(.64L) BNPO4**1*EAPO1*0033*72*EA*.85**VP*604402*SK*604402*UP*703287100110PID*F****ANNUAL BEDDING PLANT .96PT(.45L) BNPO4**1*EAPO1*0034*3*EA*1.65**VP*604429*SK*604429*UP*703287101605PID*F****ANNUAL ACCENT PLANT .96PT(.45L) BNPO4**1*EAPO1*0035*31*EA*2.35**VP*604529*SK*604529*UP*725651500005PID*F****ANNUAL 1.4QT (1.32L) BNPO4**1*EAPO1*0036*3*EA*18**VP*604542*SK*604542*UP*703287100585PID*F****ANNUAL COCO LINED HB 152OZ(4.5L)BNPO4**1*EAPO1*0037*21*EA*1.5**VP*604577*SK*604577*UP*703287101568PID*F****GROUND COVER .96PT(.45L) BNPO4**1*EAPO1*0038*4*EA*8.59**VP*604585*SK*604585*UP*703287100073PID*F****ANNUAL FLWG. PREM HB 4.9QT(4.63L) BNPO4**1*EAPO1*0039*8*EA*4.25**VP*604636*SK*604636*UP*703287100332PID*F****GERANIUM ZONAL 1.4QT(1.32L) BNPO4**1*EAPO1*0040*1*EA*5.15**VP*610170*SK*610170*UP*703287101599PID*F****ANNUAL HALF FLAT 0.091QT(86.83ML)KWGPO4**1*EAPO1*0041*2*EA*7.4**VP*610643*SK*610643*UP*703287101667PID*F****ANNUAL FULL FLAT 3.38OZ(100ML)KWGPO4**1*EAPO1*0042*1*EA*9.75**VP*651881*SK*651881*UP*703287102626PID*F****AZALEA ENCORE 1GPO4**1*EAPO1*0043*2*EA*2.2**VP*820276*SK*820276*UP*703287107331PID*F****ALOE&HAWORTHIA 2.5"SLVD-5.8FLOZ/16MLPO4**1*EAPO1*0044*1*EA*2.1**VP*854405*SK*854405*UP*703287105900PID*F****AZALEA PROMO 1G BNPO4**1*EAPO1*0045*1*EA*22.41**VP*855395*SK*855395*UP*703287105986PID*F****BUXUS SUFFRUTICOSA BOXWOOD 5G  BNPO4**1*EAPO1*0046*1*EA*12.87**VP*856946*SK*856946*UP*703287106075PID*F****EUONYMOUS BROADLEAF MARGINATA 3G BNPO4**1*EAPO1*0047*7*EA*5.32**VP*858860*SK*858860*UP*703287106327PID*F****NANDINA FIREPOWER 1G BNPO4**1*EAPO1*0048*1*EA*19.95**VP*898587*SK*898587*UP*703287103043PID*F****ARBORVITAE EMERALD GREEN 5G BNPO4**1*EAPO1*0049*4*EA*20**VP*910105*SK*910105*UP*703287105511PID*F****PYRUS FLOWERING PEAR ASST 7G BNPO4**1*EAPO1*0050*1*EA*16.3**VP*932709*SK*932709*UP*703287104187PID*F****KALMIA MTN LAUREL ASST 2G BNPO4**1*EAPO1*0051*1*EA*16.02**VP*943731*SK*943731*UP*703287104521PID*F****ROSE KNOCKOUT 3G BNPO4**1*EAPO1*0052*1*EA*3**VP*957166*SK*957166*UP*703287101438PID*F****PROVEN WINNERS 4.5IN 1.31PT/619.8MLPO4**1*EACTT*52*313AMT*TT*1895.03SE*169*000098976ST*850*000098977BEG*00*CN*32021299**20080429*4632021299CUR*BY*USDDTM*038*20080502N1*OB**92*4632N3*6501 W BROAD STN4*RICHMOND*VA*23230REF*DP*028REF*3J*0001REF*MR*0000071643PO1*0001*1*EA*5.75**VP*169547*SK*169547*UP*842276000649PID*F****VIVA SUNPATIENS 2.5QT S1PO4**1*EAPO1*0002*1*EA*14.65**VP*210833*SK*210833*UP*703287102329PID*F****SHRUB ASST 3 BNPO4**1*EAPO1*0003*1*EA*10**VP*227808*SK*227808*UP*725651141413PID*F****ANNUAL COLOR BOWL 14IN VMIPO4**1*EAPO1*0004*1*EA*12**VP*230914*SK*230914*UP*703287106877PID*F****ACER JAP MAPLE 1G BNPO4**1*EAPO1*0005*33*EA*4.2**VP*238197*SK*238197PID*F****SODMAN FESCUE ROLLPO4**1*EAPO1*0006*1*EA*3.1**VP*276945*SK*276945*UP*703287107492PID*F****ALOE VERA 3.25IN(8.2FLOZ/235ML)BNPO4**1*EAPO1*0007*1*EA*9.2**VP*293069*SK*293069*UP*703287107065PID*F****AZALEA LANDSCAPER 3G BNPO4**1*EAPO1*0008*5*EA*9.2**VP*293103*SK*293103*UP*703287107089PID*F****ILEX COMPACTA HOLLY LANDSCAPER 3G BNPO4**1*EAPO1*0009*3*EA*2.7**VP*307357*SK*307357*UP*094392363676PID*F****HOSTA QUARTPO4**1*EAPO1*0010*3*EA*5.75**VP*311002*SK*311002*UP*094392005231PID*F****LILIUM ASIATIC 3.70QTPO4**1*EAPO1*0011*3*EA*5.6**VP*315253*SK*315253*UP*094392009963PID*F****PERENNIAL 3.70QTPO4**1*EAPO1*0012*4*EA*3.95**VP*319150*SK*319150*UP*094392002322PID*F****HOSTA 2.75QTPO4**1*EAPO1*0013*35*EA*3.75**VP*321759*SK*321759*UP*094392006047PID*F****PERENNIAL 2.75QTPO4**1*EAPO1*0014*12*EA*2.7**VP*322253*SK*322253*UP*094392005644PID*F****PERENNIAL 1.06QTPO4**1*EAPO1*0015*7*EA*2.7**VP*322257*SK*322257*UP*094392363737PID*F****GROUNDCOVER 1.06QTPO4**1*EAPO1*0016*21*EA*2.9**VP*447221*SK*447221*UP*048834111196PID*F****VIGORO SELECT PINT ANNUALPO4**1*EAPO1*0017*25*EA*2.9**VP*448075*SK*448075*UP*048834211124PID*F****VIGORO SELECT PINT ANNUALPO4**1*EAPO1*0018*4*EA*5.9**VP*456114*SK*456114*UP*048834711136PID*F****VIGORO SELECT GALLON ANNUALPO4**1*EAPO1*0019*1*EA*5.9**VP*456333*SK*456333*UP*048834711174PID*F**** VIGORO SELECT GALLON ANNUALPO4**1*EAPO1*0020*2*EA*5.9**VP*456422*SK*456422*UP*048834811126PID*F**** VIGORO SELECT GALLON ANNUALPO4**1*EAPO1*0021*3*EA*8.25**VP*470998*SK*470998*UP*724188002990PID*F****STRAW POT 6PKPO4**1*EAPO1*0022*1*EA*3.55**VP*548007*SK*548007*UP*703287101124PID*F****PERENNIAL .63G (2.38L) BNPO4**1*EAPO1*0023*1*EA*13.5**VP*549189*SK*549189*UP*703287100974PID*F****HIBISCUS BUSH PREM 2.33G (8.83L) BNPO4**1*EAPO1*0024*5*EA*8.25**VP*553208*SK*553208*UP*703287101872PID*F****TROPICAL FOLIAGE PREM 6 BNPO4**1*EAPO1*0025*1*EA*7.8**VP*553301*SK*553301*UP*703287101889PID*F****TROPICAL FOLIAGE HB 6 BNPO4**1*EAPO1*0026*4*EA*8**VP*553307*SK*553307*UP*703287101896PID*F****ANTHURIUM 6 BNPO4**1*EAPO1*0027*4*EA*12**VP*553437*SK*553437*UP*703287101933PID*F****TROPICAL FOLIAGE PREM 8 BNPO4**1*EAPO1*0028*5*EA*10.25**VP*553457*SK*553457*UP*703287101957PID*F****TROPICAL FOLIAGE PROMO 10 BNPO4**1*EAPO1*0029*1*EA*18.5**VP*553769*SK*553769*UP*703287101971PID*F****TROPICAL FOLIAGE PREM 10 BNPO4**1*EAPO1*0030*1*EA*25.5**VP*553997*SK*553997*UP*703287101988PID*F****TROPICAL FOLIAGE 10 ULTRA PREM BNPO4**1*EAPO1*0031*1*EA*46**VP*554888*SK*554888*UP*703287102015PID*F****TROPICAL FOLIAGE 14 FANCY BNPO4**1*EAPO1*0032*3*EA*9.8**VP*556570*SK*556570*UP*703287102114PID*F****HIBISCUS 7 BRAID BNPO4**1*EAPO1*0033*15*EA*3.6**VP*604260*SK*604260*UP*703287101155PID*F****PETUNIA WAVE 1.4QT(1.32L) BNPO4**1*EAPO1*0034*11*EA*8**VP*604327*SK*604327*UP*703287100080PID*F****FERN BOSTON 4.9QT(4.63L) BNPO4**1*EAPO1*0035*12*EA*5.6**VP*604358*SK*604358*UP*703287100257PID*F****CALADIUM 1.4QT(1.32L) BNPO4**1*EAPO1*0036*2*EA*2.85**VP*604366*SK*604366*UP*703287100127PID*F****GERBERA DAISY 1.39PT(.64L) BNPO4**1*EAPO1*0037*69*EA*.85**VP*604402*SK*604402*UP*703287100110PID*F****ANNUAL BEDDING PLANT .96PT(.45L) BNPO4**1*EAPO1*0038*2*EA*1.65**VP*604429*SK*604429*UP*703287101605PID*F****ANNUAL ACCENT PLANT .96PT(.45L) BNPO4**1*EAPO1*0039*20*EA*2.35**VP*604529*SK*604529*UP*725651500005PID*F****ANNUAL 1.4QT (1.32L) BNPO4**1*EAPO1*0040*6*EA*1.5**VP*604577*SK*604577*UP*703287101568PID*F****GROUND COVER .96PT(.45L) BNPO4**1*EAPO1*0041*9*EA*8.59**VP*604585*SK*604585*UP*703287100073PID*F****ANNUAL FLWG. PREM HB 4.9QT(4.63L) BNPO4**1*EAPO1*0042*22*EA*4.25**VP*604636*SK*604636*UP*703287100332PID*F****GERANIUM ZONAL 1.4QT(1.32L) BNPO4**1*EAPO1*0043*2*EA*5**VP*609999*SK*609999*UP*703287101650PID*F****PANSY HALF FLAT .10QT(100ML)KWGPO4**1*EAPO1*0044*18*EA*5.15**VP*610170*SK*610170*UP*703287101599PID*F****ANNUAL HALF FLAT 0.091QT(86.83ML)KWGPO4**1*EAPO1*0045*5*EA*7.4**VP*610643*SK*610643*UP*703287101667PID*F****ANNUAL FULL FLAT 3.38OZ(100ML)KWGPO4**1*EAPO1*0046*2*EA*9.75**VP*651881*SK*651881*UP*703287102626PID*F****AZALEA ENCORE 1GPO4**1*EAPO1*0047*1*EA*7.5**VP*900006*SK*900006*UP*703287103203PID*F****AZALEA BLOOM N AGAIN 1G BNPO4**1*EAPO1*0048*6*EA*5.15**VP*900732*SK*900732*UP*703287103272PID*F****BUXUS BOXWOOD ASST 1G BNPO4**1*EAPO1*0049*1*EA*19.83**VP*931785*SK*931785*UP*703287104019PID*F****HYDRANGEA MAC PREM 3G BNPO4**1*EAPO1*0050*4*EA*5.15**VP*942675*SK*942675*UP*703287104378PID*F****PINE MUGO 1G BNPO4**1*EAPO1*0051*2*EA*16.02**VP*943731*SK*943731*UP*703287104521PID*F****ROSE KNOCKOUT 3G BNPO4**1*EAPO1*0052*1*EA*16.3**VP*944127*SK*944127*UP*703287104583PID*F****SPIREA ASST 3G BNPO4**1*EAPO1*0053*1*EA*11.5**VP*946734*SK*946734*UP*703287104309PID*F****PAEONIA PEONY 2G BNPO4**1*EAPO1*0054*3*EA*3**VP*957166*SK*957166*UP*703287101438PID*F****PROVEN WINNERS 4.5IN 1.31PT/619.8MLPO4**1*EAPO1*0055*1*EA*7.56**VP*991288*SK*991288*UP*703287106365PID*F****PERENNIAL PREM ASST 8IN (4.1QT/3.9L)PO4**1*EAPO1*0056*5*EA*12.5**VP*993202*SK*993202*UP*703287106457PID*F****ROSE NON PATENT 3G BNPO4**1*EACTT*56*414AMT*TT*2421.76SE*181*000098977GE*5*3268IEA*00001*000003464
ISA*00*          *00*          *14*0722717110100  *12*8048836527     *080429*0621*|*00406*000003467*0*P*>GS*PO*072271711*8048836527*20080429*0621*3271*X*004060ST*850*000098984BEG*00*CN*22091796**20080429*4622091796CUR*BY*USDDTM*038*20080502N1*OB**92*4622N3*2421 OLD TAYLOR RDN4*CHESAPEAKE*VA*23321REF*DP*028REF*3J*0001REF*MR*0000071643PO1*0001*3*EA*2.45**VP*172815*SK*172815*UP*010602020580PID*F****ANGEL PLANT 3.8INPO4**1*EAPO1*0002*1*EA*3.9**VP*215253*SK*215253*UP*715869440002PID*F****ANGEL PLANT 4.4 INPO4**1*EAPO1*0003*3*EA*12**VP*230914*SK*230914*UP*703287106877PID*F****ACER JAP MAPLE 1G BNPO4**1*EAPO1*0004*2*EA*4.2**VP*238197*SK*238197PID*F****SODMAN FESCUE ROLLPO4**1*EAPO1*0005*1*EA*3.6**VP*271691*SK*271691*UP*703287107447PID*F****SUCCULENTS 4IN (12.6FL OZ/360ML)BNPO4**1*EAPO1*0006*7*EA*9.2**VP*293317*SK*293317*UP*703287107119PID*F****LIGUSTRUM RECURVE LANDSCAPER 3G BNPO4**1*EAPO1*0007*1*EA*2.7**VP*307357*SK*307357*UP*094392363676PID*F****HOSTA QUARTPO4**1*EAPO1*0008*1*EA*5.75**VP*311002*SK*311002*UP*094392005231PID*F****LILIUM ASIATIC 3.70QTPO4**1*EAPO1*0009*6*EA*5.6**VP*315253*SK*315253*UP*094392009963PID*F****PERENNIAL 3.70QTPO4**1*EAPO1*0010*27*EA*3.75**VP*321759*SK*321759*UP*094392006047PID*F****PERENNIAL 2.75QTPO4**1*EAPO1*0011*3*EA*3.75**VP*321862*SK*321862*UP*094392003558PID*F****GROUNDCOVER 2.75QTPO4**1*EAPO1*0012*12*EA*2.7**VP*322253*SK*322253*UP*094392005644PID*F****PERENNIAL 1.06QTPO4**1*EAPO1*0013*1*EA*1.55**VP*322574*SK*322574*UP*094392363706PID*F****GROUNDCOVER 1.11PTPO4**1*EAPO1*0014*4*EA*2.9**VP*448075*SK*448075*UP*048834211124PID*F****VIGORO SELECT PINT ANNUALPO4**1*EAPO1*0015*22*EA*2.9**VP*452670*SK*452670*UP*048834511132PID*F****VIGORO 1PINT ANNUALPO4**1*EAPO1*0016*1*EA*5.9**VP*456333*SK*456333*UP*048834711174PID*F**** VIGORO SELECT GALLON ANNUALPO4**1*EAPO1*0017*9*EA*5.9**VP*456422*SK*456422*UP*048834811126PID*F**** VIGORO SELECT GALLON ANNUALPO4**1*EAPO1*0018*2*EA*10.4**VP*518034*SK*518034*UP*703287102183PID*F****HOUSEPLANT 8 ANGEL HB BNPO4**1*EAPO1*0019*2*EA*3.55**VP*548007*SK*548007*UP*703287101124PID*F****PERENNIAL .63G (2.38L) BNPO4**1*EAPO1*0020*4*EA*13.5**VP*549189*SK*549189*UP*703287100974PID*F****HIBISCUS BUSH PREM 2.33G (8.83L) BNPO4**1*EAPO1*0021*1*EA*17**VP*549408*SK*549408*UP*703287101308PID*F****MANDEVILLA TRELLIS 2.33G (8.83L)BNPO4**1*EAPO1*0022*2*EA*8.25**VP*553208*SK*553208*UP*703287101872PID*F****TROPICAL FOLIAGE PREM 6 BNPO4**1*EAPO1*0023*1*EA*8**VP*553307*SK*553307*UP*703287101896PID*F****ANTHURIUM 6 BNPO4**1*EAPO1*0024*7*EA*10.25**VP*553457*SK*553457*UP*703287101957PID*F****TROPICAL FOLIAGE PROMO 10 BNPO4**1*EAPO1*0025*2*EA*25.5**VP*553997*SK*553997*UP*703287101988PID*F****TROPICAL FOLIAGE 10 ULTRA PREM BNPO4**1*EAPO1*0026*1*EA*46**VP*554888*SK*554888*UP*703287102015PID*F****TROPICAL FOLIAGE 14 FANCY BNPO4**1*EAPO1*0027*6*EA*9.8**VP*556570*SK*556570*UP*703287102114PID*F****HIBISCUS 7 BRAID BNPO4**1*EAPO1*0028*1*EA*3.6**VP*604260*SK*604260*UP*703287101155PID*F****PETUNIA WAVE 1.4QT(1.32L) BNPO4**1*EAPO1*0029*39*EA*8**VP*604327*SK*604327*UP*703287100080PID*F****FERN BOSTON 4.9QT(4.63L) BNPO4**1*EAPO1*0030*2*EA*5.6**VP*604358*SK*604358*UP*703287100257PID*F****CALADIUM 1.4QT(1.32L) BNPO4**1*EAPO1*0031*11*EA*2.85**VP*604366*SK*604366*UP*703287100127PID*F****GERBERA DAISY 1.39PT(.64L) BNPO4**1*EAPO1*0032*1*EA*15**VP*604379*SK*604379*UP*703287101360PID*F****ANNUAL PATIO COLOR 3.4G(12.9L) BNPO4**1*EAPO1*0033*60*EA*.85**VP*604402*SK*604402*UP*703287100110PID*F****ANNUAL BEDDING PLANT .96PT(.45L) BNPO4**1*EAPO1*0034*1*EA*13.5**VP*604426*SK*604426*UP*703287101261PID*F****ANNUAL FIBER HB 1.34G(5.1L) BNPO4**1*EAPO1*0035*7*EA*1.65**VP*604429*SK*604429*UP*703287101605PID*F****ANNUAL ACCENT PLANT .96PT(.45L) BNPO4**1*EAPO1*0036*10*EA*2.72**VP*604457*SK*604457*UP*643952343629PID*F****GERANIUM ZONAL 1.52PT(.72L) BNPO4**1*EAPO1*0037*14*EA*2.35**VP*604529*SK*604529*UP*725651500005PID*F****ANNUAL 1.4QT (1.32L) BNPO4**1*EAPO1*0038*8*EA*1.5**VP*604577*SK*604577*UP*703287101568PID*F****GROUND COVER .96PT(.45L) BNPO4**1*EAPO1*0039*3*EA*8.59**VP*604585*SK*604585*UP*703287100073PID*F****ANNUAL FLWG. PREM HB 4.9QT(4.63L) BNPO4**1*EAPO1*0040*4*EA*4.25**VP*604636*SK*604636*UP*703287100332PID*F****GERANIUM ZONAL 1.4QT(1.32L) BNPO4**1*EAPO1*0041*5*EA*9**VP*604661*SK*604661*UP*703287100301PID*F****SPECIAL PRICE 1- BELL NURSERYPO4**1*EAPO1*0042*8*EA*5**VP*604662*SK*604662*UP*703287100318PID*F****SPECIAL PRICE 2-BELL NURSERYPO4**1*EAPO1*0043*9*EA*5.15**VP*610170*SK*610170*UP*703287101599PID*F****ANNUAL HALF FLAT 0.091QT(86.83ML)KWGPO4**1*EAPO1*0044*16*EA*7.4**VP*610643*SK*610643*UP*703287101667PID*F****ANNUAL FULL FLAT 3.38OZ(100ML)KWGPO4**1*EAPO1*0045*4*EA*2.02**VP*617188*SK*617188*UP*703287100554PID*F****SPECIAL MARKDOWN SKU $2.67-BNPO4**1*EAPO1*0046*14*EA*9.75**VP*651881*SK*651881*UP*703287102626PID*F****AZALEA ENCORE 1GPO4**1*EAPO1*0047*3*EA*22**VP*651883*SK*651883*UP*703287102633PID*F****AZALEA ENCORE 3GPO4**1*EAPO1*0048*1*EA*7**VP*651892*SK*651892*UP*703287101032PID*F****FLORAL INDOOR PROMO 6INPO4**1*EAPO1*0049*3*EA*22.41**VP*855395*SK*855395*UP*703287105986PID*F****BUXUS SUFFRUTICOSA BOXWOOD 5G  BNPO4**1*EAPO1*0050*1*EA*15.13**VP*857177*SK*857177*UP*703287106105PID*F****GARDENIA ASST 3G BNPO4**1*EAPO1*0051*2*EA*4.85**VP*899643*SK*899643*UP*703287103166PID*F****AZALEA 1G BNPO4**1*EAPO1*0052*1*EA*15.25**VP*899907*SK*899907*UP*703287103180PID*F****AZALEA 3G BNPO4**1*EAPO1*0053*1*EA*15**VP*928452*SK*928452*UP*703287103647PID*F****CUPRESSOCYPARIS LEYLAND 5G BNPO4**1*EAPO1*0054*1*EA*1.75**VP*929438*SK*929438*UP*703287102695PID*F****AFRICAN VIOLET 4IN (393ML/13.30FLOZ)PO4**1*EAPO1*0055*3*EA*4.85**VP*930564*SK*930564*UP*703287103890PID*F****ILEX HOLLY ASST 1G BNPO4**1*EAPO1*0056*1*EA*3.9**VP*932214*SK*932214*UP*703287104101PID*F****JUNIPER ASST 1G BNPO4**1*EAPO1*0057*1*EA*12.85**VP*943137*SK*943137*UP*703287104446PID*F****RHODODENDRON ASST 2G BNPO4**1*EAPO1*0058*1*EA*16.02**VP*943731*SK*943731*UP*703287104521PID*F****ROSE KNOCKOUT 3G BNPO4**1*EAPO1*0059*2*EA*3**VP*957166*SK*957166*UP*703287101438PID*F****PROVEN WINNERS 4.5IN 1.31PT/619.8MLPO4**1*EAPO1*0060*3*EA*7.75**VP*974806*SK*974806*UP*094392364888PID*F****CORDYLINE 2.75QTPO4**1*EAPO1*0061*1*EA*7.56**VP*991288*SK*991288*UP*703287106365PID*F****PERENNIAL PREM ASST 8IN (4.1QT/3.9L)PO4**1*EAPO1*0062*5*EA*16.46**VP*992047*SK*992047*UP*703287106419PID*F****ROSE CLIMBING W/TRELLIS 3G BNPO4**1*EAPO1*0063*2*EA*12.5**VP*993202*SK*993202*UP*703287106457PID*F****ROSE NON PATENT 3G BNPO4**1*EAPO1*0064*4*EA*4**VP*997327*SK*997327*UP*703287104705PID*F****FESCUE TALL TURF SOD 10 SQ FTPO4**1*EACTT*64*385AMT*TT*2706.02SE*205*000098984GE*1*3271IEA*00001*000003467
