ISA*00*          *00*          *09*006985290EFT   *01*056021462      *050705*1439*U*00400*000100509*0*P*>
GS*RA*006985290EFT*056021462*20050705*14395644*100418*X*004010
ST*820*000000001
BPR*I*7801.08*C*ACH*CCP*01*021000018*DA*0300955622*9008965873**01*021200339*DA*8153619485*20050706*VEN
TRN*3*770128467*9008965873
DTM*097*20050705
N1*PR*KMART CORPORATION*1*008965873
N1*PE*GARDEN STATE GROWERS*92*00056021462
N1*SE*GARDEN STATE GROWERS*92*00056021462
ENT*1
RMR*IK*302820050626*PI*305.31*305.31*0
REF*PO*0020050627
REF*ST*03028
REF*DP*043
DTM*999*20050626
RMR*IK*305020050626*PI*218.77*218.77*0
REF*PO*0020050627
REF*ST*03050
REF*DP*043
DTM*999*20050626
RMR*IK*305620050626*PI*434.5*434.5*0
REF*PO*0020050627
REF*ST*03056
REF*DP*043
DTM*999*20050626
RMR*IK*307120050626*PI*78.24*78.24*0
REF*PO*0020050627
REF*ST*03071
REF*DP*043
DTM*999*20050626
RMR*IK*307720050626*PI*136.8*136.8*0
REF*PO*0020050627
REF*ST*03077
REF*DP*043
DTM*999*20050626
RMR*IK*311720050626*PI*251.94*251.94*0
REF*PO*0020050627
REF*ST*03117
REF*DP*043
DTM*999*20050626
RMR*IK*318720050626*PI*279.19*279.19*0
REF*PO*0020050627
REF*ST*03187
REF*DP*043
DTM*999*20050626
RMR*IK*319320050626*PI*193.64*193.64*0
REF*PO*0020050627
REF*ST*03193
REF*DP*043
DTM*999*20050626
RMR*IK*319620050626*PI*311.2*311.2*0
REF*PO*0020050627
REF*ST*03196
REF*DP*043
DTM*999*20050626
RMR*IK*335020050626*PI*182.15*182.15*0
REF*PO*0020050627
REF*ST*03350
REF*DP*043
DTM*999*20050626
RMR*IK*336120050626*PI*109.2*109.2*0
REF*PO*0020050627
REF*ST*03361
REF*DP*043
DTM*999*20050626
RMR*IK*339420050626*PI*197.55*197.55*0
REF*PO*0020050627
REF*ST*03394
REF*DP*043
DTM*999*20050626
RMR*IK*352720050626*PI*193.4*193.4*0
REF*PO*0020050627
REF*ST*03527
REF*DP*043
DTM*999*20050626
RMR*IK*355820050626*PI*218.45*218.45*0
REF*PO*0020050627
REF*ST*03558
REF*DP*043
DTM*999*20050626
RMR*IK*356120050626*PI*341.18*341.18*0
REF*PO*0020050627
REF*ST*03561
REF*DP*043
DTM*999*20050626
RMR*IK*364320050626*PI*163.15*163.15*0
REF*PO*0020050627
REF*ST*03643
REF*DP*043
DTM*999*20050626
RMR*IK*373720050626*PI*851.54*851.54*0
REF*PO*0020050627
REF*ST*03737
REF*DP*043
DTM*999*20050626
RMR*IK*373720050630*PI*-13.8*-13.8*0
REF*PO*0020050702
REF*ST*03737
REF*DP*043
DTM*999*20050630
RMR*IK*382520050626*PI*216.96*216.96*0
REF*PO*0020050627
REF*ST*03825
REF*DP*043
DTM*999*20050626
RMR*IK*399020050626*PI*265.76*265.76*0
REF*PO*0020050627
REF*ST*03990
REF*DP*043
DTM*999*20050626
RMR*IK*434420050626*PI*437.47*437.47*0
REF*PO*0020050627
REF*ST*04344
REF*DP*043
DTM*999*20050626
RMR*IK*436120050626*PI*236.95*236.95*0
REF*PO*0020050627
REF*ST*04361
REF*DP*043
DTM*999*20050626
RMR*IK*439720050626*PI*221.2*221.2*0
REF*PO*0020050627
REF*ST*04397
REF*DP*043
DTM*999*20050626
RMR*IK*447020050626*PI*223.5*223.5*0
REF*PO*0020050627
REF*ST*04470
REF*DP*043
DTM*999*20050626
RMR*IK*447820050626*PI*216*216*0
REF*PO*0020050627
REF*ST*04478
REF*DP*043
DTM*999*20050626
RMR*IK*719220050626*PI*173.04*173.04*0
REF*PO*0020050627
REF*ST*07192
REF*DP*043
DTM*999*20050626
RMR*IK*719720050626*PI*105.55*105.55*0
REF*PO*0020050627
REF*ST*07197
REF*DP*043
DTM*999*20050626
RMR*IK*723520050626*PI*331.1*331.1*0
REF*PO*0020050627
REF*ST*07235
REF*DP*043
DTM*999*20050626
RMR*IK*725720050626*PI*261.08*261.08*0
REF*PO*0020050627
REF*ST*07257
REF*DP*043
DTM*999*20050626
RMR*IK*755420050626*PI*142.15*142.15*0
REF*PO*0020050627
REF*ST*07554
REF*DP*043
DTM*999*20050626
RMR*IK*760220050626*PI*379.86*379.86*0
REF*PO*0020050627
REF*ST*07602
REF*DP*043
DTM*999*20050626
RMR*IK*939320050626*PI*138.05*138.05*0
REF*PO*0020050627
REF*ST*09393
REF*DP*043
DTM*999*20050626
SE*169*000000001
GE*1*100418
IEA*1*000100509

