ISA*00*          *00*          *14*072271711USAP  *01*148468275      *100913*0755*^*00406*000002733*1*P*>~GS*RA*072271711USAP*148468275*20100913*0755*2723*X*004060~ST*820*2723~BPR*I*63520.75*C*CHK*PBC~TRN*1*2005897823~CUR*BY*USD~REF*ZZ*0001902936~DTM*020*20100913~N1*PE*COLORAMA WHOLESALE NURSERY~REF*VR*187714~N1*PR*HOME DEPOT U.S.A., INC.~ENT*1~RMR*OS*06072763**-12*-12*0*CM*0~REF*PO*CONSIGNM~DTM*999*20100910~RMR*OS*06108804**-1.78*-1.78*0*CM*0~REF*PO*CONSIGNM~DTM*999*20100909~RMR*OS*06108826**-3.56*-3.56*0*CM*0~REF*PO*CONSIGNM~DTM*999*20100910~RMR*OS*06387091**-2.25*-2.25*0*CM*0~REF*PO*CONSIGNM~DTM*999*20100910~RMR*OS*06451905**-7.16*-7.16*0*CM*0~REF*PO*CONSIGNM~DTM*999*20100909~RMR*OS*06492378**-29*-29*0*CM*0~REF*PO*CONSIGNM~DTM*999*20100910~RMR*OS*06654540**-29.61*-29.61*0*CM*0~REF*PO*CONSIGNM~DTM*999*20100909~RMR*OS*06673104**-103.48*-103.48*0*CM*0~REF*PO*CONSIGNM~DTM*999*20100909~RMR*OS*06673149**-20.14*-20.14*0*CM*0~REF*PO*CONSIGNM~DTM*999*20100910~RMR*OS*06689619**-36.92*-36.92*0*CM*0~REF*PO*CONSIGNM~DTM*999*20100909~RMR*OS*06747132**-3.56*-3.56*0*CM*0~REF*PO*CONSIGNM~DTM*999*20100909~RMR*OS*06833704**-10.07*-10.07*0*CM*0~REF*PO*CONSIGNM~DTM*999*20100910~RMR*OS*06875239**-15.69*-15.69*0*CM*0~REF*PO*CONSIGNM~DTM*999*20100909~RMR*OS*06875262**-4.75*-4.75*0*CM*0~REF*PO*CONSIGNM~DTM*999*20100910~RMR*OS*10126191**-3.95*-3.95*0*CM*0~REF*PO*CONSIGNM~DTM*999*20100910~RMR*OS*10134517**-16.98*-16.98*0*CM*0~REF*PO*CONSIGNM~DTM*999*20100910~RMR*OS*10284052**-4.5*-4.5*0*CM*0~REF*PO*CONSIGNM~DTM*999*20100909~RMR*OS*10284080**-41.12*-41.12*0*CM*0~REF*PO*CONSIGNM~DTM*999*20100910~RMR*OS*10318972**-43.04*-43.04*0*CM*0~REF*PO*CONSIGNM~DTM*999*20100910~RMR*OS*10402584**-45.14*-45.14*0*CM*0~REF*PO*CONSIGNM~DTM*999*20100909~RMR*OS*10402626**-65.5*-65.5*0*CM*0~REF*PO*CONSIGNM~DTM*999*20100910~RMR*OS*10590420**-5.4*-5.4*0*CM*0~REF*PO*CONSIGNM~DTM*999*20100909~RMR*OS*10590439**-42.72*-42.72*0*CM*0~REF*PO*CONSIGNM~DTM*999*20100910~RMR*OS*10834690**-55.76*-55.76*0*CM*0~REF*PO*CONSIGNM~DTM*999*20100909~RMR*OS*10834714**-2.2*-2.2*0*CM*0~REF*PO*CONSIGNM~DTM*999*20100910~RMR*OS*18445655**-22.73*-22.73*0*CM*0~REF*PO*CONSIGNM~DTM*999*20100909~RMR*OS*18445685**-13.2*-13.2*0*CM*0~REF*PO*CONSIGNM~DTM*999*20100910~RMR*OS*18570239**-5.12*-5.12*0*CM*0~REF*PO*CONSIGNM~DTM*999*20100909~RMR*OS*66102660**-9.44*-9.44*0*CM*0~REF*PO*CONSIGNM~DTM*999*20100910~RMR*OS*66179863**-24*-24*0*CM*0~REF*PO*CONSIGNM~DTM*999*20100910~RMR*OS*66232912**-15.6*-15.6*0*CM*0~REF*PO*CONSIGNM~DTM*999*20100909~RMR*OS*66232935**-19.34*-19.34*0*CM*0~REF*PO*CONSIGNM~DTM*999*20100910~RMR*OS*66293278**-2.55*-2.55*0*CM*0~REF*PO*CONSIGNM~DTM*999*20100910~RMR*OS*66371939**-5.4*-5.4*0*CM*0~REF*PO*CONSIGNM~DTM*999*20100909~RMR*OS*66389275**-15.36*-15.36*0*CM*0~REF*PO*CONSIGNM~DTM*999*20100909~RMR*OS*66389293**-26.97*-26.97*0*CM*0~REF*PO*CONSIGNM~DTM*999*20100910~RMR*OS*66405219**-17.8*-17.8*0*CM*0~REF*PO*CONSIGNM~DTM*999*20100909~RMR*OS*66405260**-8.68*-8.68*0*CM*0~REF*PO*CONSIGNM~DTM*999*20100910~RMR*OS*66450117**-11.75*-11.75*0*CM*0~REF*PO*CONSIGNM~DTM*999*20100909~RMR*OS*66450159**-27.02*-27.02*0*CM*0~REF*PO*CONSIGNM~DTM*999*20100910~RMR*OS*66544422**-12.8*-12.8*0*CM*0~REF*PO*CONSIGNM~DTM*999*20100909~RMR*OS*66626854**-19.58*-19.58*0*CM*0~REF*PO*CONSIGNM~DTM*999*20100909~RMR*OS*66626900**-39.4*-39.4*0*CM*0~REF*PO*CONSIGNM~DTM*999*20100910~RMR*OS*66632514**-5.12*-5.12*0*CM*0~REF*PO*CONSIGNM~DTM*999*20100910~RMR*OS*68342583**-4.5*-4.5*0*CM*0~REF*PO*CONSIGNM~DTM*999*20100910~RMR*OS*68746014**-2.17*-2.17*0*CM*0~REF*PO*CONSIGNM~DTM*999*20100910~RMR*OS*68768636**-1.78*-1.78*0*CM*0~REF*PO*CONSIGNM~DTM*999*20100909~RMR*OS*68768656**-8.9*-8.9*0*CM*0~REF*PO*CONSIGNM~DTM*999*20100910~RMR*OS*68838659**-3.78*-3.78*0*CM*0~REF*PO*CONSIGNM~DTM*999*20100909~RMR*OS*68841725**-4.05*-4.05*0*CM*0~REF*PO*CONSIGNM~DTM*999*20100909~RMR*OS*69605999**-10.68*-10.68*0*CM*0~REF*PO*CONSIGNM~DTM*999*20100909~RMR*OS*69716447**-7.25*-7.25*0*CM*0~REF*PO*CONSIGNM~DTM*999*20100910~RMR*OS*69729755**-2.4*-2.4*0*CM*0~REF*PO*CONSIGNM~DTM*999*20100910~RMR*OS*84636304**-5.12*-5.12*0*CM*0~REF*PO*CONSIGNM~DTM*999*20100909~RMR*OS*85262740**-2.25*-2.25*0*CM*0~REF*PO*CONSIGNM~DTM*999*20100909~RMR*OS*89878383**-13.52*-13.52*0*CM*0~REF*PO*CONSIGNM~DTM*999*20100909~RMR*OS*89878406**-25.01*-25.01*0*CM*0~REF*PO*CONSIGNM~DTM*999*20100910~RMR*IV*060686082**1.25*1.25*0*PT*0~REF*PO*0006082899~DTM*999*20100830~RMR*IV*061002905**222.52*222.52*0*PT*0~REF*PO*0010039525~DTM*999*20100828~RMR*IV*061002926**317.37*317.37*0*PT*0~REF*PO*0010039647~DTM*999*20100829~RMR*IV*061003063**96.07*96.07*0*PT*0~REF*PO*0010039743~DTM*999*20100830~RMR*IV*061191365**19.65*19.65*0*PT*0~REF*PO*0011052044~DTM*999*20100828~RMR*IV*061191383**6.55*6.55*0*PT*0~REF*PO*0011052170~DTM*999*20100829~RMR*IV*061191458**11.25*11.25*0*PT*0~REF*PO*0011052263~DTM*999*20100830~RMR*IV*061830624**186.65*186.65*0*PT*0~REF*PO*0018042041~DTM*999*20100828~RMR*IV*061830657**51.67*51.67*0*PT*0~REF*PO*0018042178~DTM*999*20100829~RMR*IV*061830804**72.55*72.55*0*PT*0~REF*PO*0018042313~DTM*999*20100830~RMR*IV*063853172**142.09*142.09*0*PT*0~REF*PO*0038094068~DTM*999*20100828~RMR*IV*063853190**118.9*118.9*0*PT*0~REF*PO*0038094205~DTM*999*20100829~RMR*IV*063853314**96.04*96.04*0*PT*0~REF*PO*0038094381~DTM*999*20100830~RMR*IV*064503279**471.16*471.16*0*PT*0~REF*PO*0045013427~DTM*999*20100828~RMR*IV*064503305**431.84*431.84*0*PT*0~REF*PO*0045013548~DTM*999*20100829~RMR*IV*064503596**202.55*202.55*0*PT*0~REF*PO*0045013668~DTM*999*20100830~RMR*IV*064815784**160.46*160.46*0*PT*0~REF*PO*0048090061~DTM*999*20100828~RMR*IV*064815804**136.1*136.1*0*PT*0~REF*PO*0048090196~DTM*999*20100829~RMR*IV*064815906**75.97*75.97*0*PT*0~REF*PO*0048090356~DTM*999*20100830~RMR*IV*064946263**1362.15*1362.15*0*PT*0~REF*PO*0049019360~DTM*999*20100828~RMR*IV*064946290**973.93*973.93*0*PT*0~REF*PO*0049019487~DTM*999*20100829~RMR*IV*064946417**597.32*597.32*0*PT*0~REF*PO*0049019616~DTM*999*20100830~RMR*IV*066516639**216.01*216.01*0*PT*0~REF*PO*0065035450~DTM*999*20100828~RMR*IV*066516653**225.36*225.36*0*PT*0~REF*PO*0065035548~DTM*999*20100829~RMR*IV*066516885**142.91*142.91*0*PT*0~REF*PO*0065035696~DTM*999*20100830~RMR*IV*066705677**178.29*178.29*0*PT*0~REF*PO*0067040104~DTM*999*20100828~RMR*IV*066705687**122.47*122.47*0*PT*0~REF*PO*0067040217~DTM*999*20100829~RMR*IV*066705924**99.99*99.99*0*PT*0~REF*PO*0067040361~DTM*999*20100830~RMR*IV*066871095**527.81*527.81*0*PT*0~REF*PO*0068043154~DTM*999*20100828~RMR*IV*066871122**428.84*428.84*0*PT*0~REF*PO*0068043275~DTM*999*20100829~RMR*IV*066871280**395.8*395.8*0*PT*0~REF*PO*0068043411~DTM*999*20100830~RMR*IV*066901977**2.17*2.17*0*PT*0~REF*PO*0069064845~DTM*999*20100829~RMR*IV*068379235**272.82*272.82*0*PT*0~REF*PO*0083042136~DTM*999*20100828~RMR*IV*068379258**218.08*218.08*0*PT*0~REF*PO*0083042237~DTM*999*20100829~RMR*IV*068379458**158.8*158.8*0*PT*0~REF*PO*0083042346~DTM*999*20100830~RMR*IV*068788411**681.24*681.24*0*PT*0~REF*PO*0087089834~DTM*999*20100828~RMR*IV*068788433**493.81*493.81*0*PT*0~REF*PO*0087089992~DTM*999*20100829~RMR*IV*068788719**218.23*218.23*0*PT*0~REF*PO*0087090263~DTM*999*20100830~RMR*IV*068921568**10.75*10.75*0*PT*0~REF*PO*0089074014~DTM*999*20100830~RMR*IV*100554501**49.67*49.67*0*PT*0~REF*PO*0005085106~DTM*999*20100828~RMR*IV*100554525**15.55*15.55*0*PT*0~REF*PO*0005085230~DTM*999*20100829~RMR*IV*100554670**38.62*38.62*0*PT*0~REF*PO*0005085346~DTM*999*20100830~RMR*IV*101227026**1307.38*1307.38*0*PT*0~REF*PO*0012022961~DTM*999*20100828~RMR*IV*101227086**1064.17*1064.17*0*PT*0~REF*PO*0012023082~DTM*999*20100829~RMR*IV*101227203**590.43*590.43*0*PT*0~REF*PO*0012023239~DTM*999*20100830~RMR*IV*101338884**1447.23*1447.23*0*PT*0~REF*PO*0013040964~DTM*999*20100828~RMR*IV*101338908**1600.84*1600.84*0*PT*0~REF*PO*0013041074~DTM*999*20100829~RMR*IV*101339251**865.72*865.72*0*PT*0~REF*PO*0013041198~DTM*999*20100830~RMR*IV*102815295**1130.36*1130.36*0*PT*0~REF*PO*0028060839~DTM*999*20100828~RMR*IV*102815344**1183.18*1183.18*0*PT*0~REF*PO*0028060947~DTM*999*20100829~RMR*IV*102815409**714.44*714.44*0*PT*0~REF*PO*0028061111~DTM*999*20100830~RMR*IV*103162235**751.76*751.76*0*PT*0~REF*PO*0031045985~DTM*999*20100828~RMR*IV*103162259**603.12*603.12*0*PT*0~REF*PO*0031046109~DTM*999*20100829~RMR*IV*103162432**335.12*335.12*0*PT*0~REF*PO*0031046311~DTM*999*20100830~RMR*IV*104031551**1264.61*1264.61*0*PT*0~REF*PO*0040021766~DTM*999*20100828~RMR*IV*104031579**822.77*822.77*0*PT*0~REF*PO*0040021887~DTM*999*20100829~RMR*IV*104031708**459.66*459.66*0*PT*0~REF*PO*0040022007~DTM*999*20100830~RMR*IV*105296418**1003.74*1003.74*0*PT*0~REF*PO*0052013291~DTM*999*20100828~RMR*IV*105296448**957.28*957.28*0*PT*0~REF*PO*0052013455~DTM*999*20100829~RMR*IV*105296650**580.13*580.13*0*PT*0~REF*PO*0052013648~DTM*999*20100830~RMR*IV*105926477**29.32*29.32*0*PT*0~REF*PO*0059096340~DTM*999*20100828~RMR*IV*105926491**28.79*28.79*0*PT*0~REF*PO*0059096432~DTM*999*20100829~RMR*IV*105926577**42.26*42.26*0*PT*0~REF*PO*0059096553~DTM*999*20100830~RMR*IV*106280713**379.08*379.08*0*PT*0~REF*PO*0062022275~DTM*999*20100828~RMR*IV*106280738**340.71*340.71*0*PT*0~REF*PO*0062022416~DTM*999*20100829~RMR*IV*106280869**112.81*112.81*0*PT*0~REF*PO*0062022606~DTM*999*20100830~RMR*IV*108388171**1595.17*1595.17*0*PT*0~REF*PO*0083042341~DTM*999*20100828~RMR*IV*108388191**745.76*745.76*0*PT*0~REF*PO*0083042455~DTM*999*20100829~RMR*IV*108388527**946.99*946.99*0*PT*0~REF*PO*0083042607~DTM*999*20100830~RMR*IV*108972844**400.41*400.41*0*PT*0~REF*PO*0089080714~DTM*999*20100828~RMR*IV*108972855**270.87*270.87*0*PT*0~REF*PO*0089080804~DTM*999*20100829~RMR*IV*108972952**108*108*0*PT*0~REF*PO*0089080909~DTM*999*20100830~RMR*IV*184430733**128.52*128.52*0*PT*0~REF*PO*0044084591~DTM*999*20100828~RMR*IV*184430751**163.68*163.68*0*PT*0~REF*PO*0044084714~DTM*999*20100829~RMR*IV*184431002**178.62*178.62*0*PT*0~REF*PO*0044084882~DTM*999*20100830~RMR*IV*184508974**263.47*263.47*0*PT*0~REF*PO*0045024472~DTM*999*20100828~RMR*IV*184509001**248.01*248.01*0*PT*0~REF*PO*0045024586~DTM*999*20100829~RMR*IV*184509135**152.13*152.13*0*PT*0~REF*PO*0045024743~DTM*999*20100830~RMR*IV*185798612**305.03*305.03*0*PT*0~REF*PO*0057042142~DTM*999*20100828~RMR*IV*185798632**255.02*255.02*0*PT*0~REF*PO*0057042263~DTM*999*20100829~RMR*IV*185798798**112.6*112.6*0*PT*0~REF*PO*0057042371~DTM*999*20100830~RMR*IV*185883140**11.25*11.25*0*PT*0~REF*PO*0058022626~DTM*999*20100828~RMR*IV*185883161**6.55*6.55*0*PT*0~REF*PO*0058022745~DTM*999*20100829~RMR*IV*185883277**9*9*0*PT*0~REF*PO*0058022873~DTM*999*20100830~RMR*IV*661134742**3.95*3.95*0*PT*0~REF*PO*0011065380~DTM*999*20100828~RMR*IV*661493995**513.36*513.36*0*PT*0~REF*PO*0014062967~DTM*999*20100828~RMR*IV*661494024**387.82*387.82*0*PT*0~REF*PO*0014063160~DTM*999*20100829~RMR*IV*661494144**187.39*187.39*0*PT*0~REF*PO*0014063389~DTM*999*20100830~RMR*IV*661791956**181.45*181.45*0*PT*0~REF*PO*0017048369~DTM*999*20100828~RMR*IV*661791975**167.34*167.34*0*PT*0~REF*PO*0017048501~DTM*999*20100829~RMR*IV*661792087**12.1*12.1*0*PT*0~REF*PO*0017048635~DTM*999*20100830~RMR*IV*662351636**904.15*904.15*0*PT*0~REF*PO*0023070922~DTM*999*20100828~RMR*IV*662351658**1187.3*1187.3*0*PT*0~REF*PO*0023071025~DTM*999*20100829~RMR*IV*662351781**642.44*642.44*0*PT*0~REF*PO*0023071157~DTM*999*20100830~RMR*IV*662953734**558.96*558.96*0*PT*0~REF*PO*0029038648~DTM*999*20100828~RMR*IV*662953779**432.24*432.24*0*PT*0~REF*PO*0029038782~DTM*999*20100829~RMR*IV*662953969**251.58*251.58*0*PT*0~REF*PO*0029038944~DTM*999*20100830~RMR*IV*663099320**380.85*380.85*0*PT*0~REF*PO*0030014610~DTM*999*20100828~RMR*IV*663099347**197.35*197.35*0*PT*0~REF*PO*0030014708~DTM*999*20100829~RMR*IV*663099689**156.31*156.31*0*PT*0~REF*PO*0030014801~DTM*999*20100830~RMR*IV*663724701**439.43*439.43*0*PT*0~REF*PO*0037049440~DTM*999*20100828~RMR*IV*663724717**390.13*390.13*0*PT*0~REF*PO*0037049570~DTM*999*20100829~RMR*IV*663724903**319.15*319.15*0*PT*0~REF*PO*0037049740~DTM*999*20100830~RMR*IV*663826535**800.67*800.67*0*PT*0~REF*PO*0038075373~DTM*999*20100828~RMR*IV*663826574**765.2*765.2*0*PT*0~REF*PO*0038075506~DTM*999*20100829~RMR*IV*663826673**674.08*674.08*0*PT*0~REF*PO*0038075657~DTM*999*20100830~RMR*IV*664022986**1854.72*1854.72*0*PT*0~REF*PO*0040073410~DTM*999*20100828~RMR*IV*664023028**1271.47*1271.47*0*PT*0~REF*PO*0040073538~DTM*999*20100829~RMR*IV*664023192**509.08*509.08*0*PT*0~REF*PO*0040073653~DTM*999*20100830~RMR*IV*664550430**539.24*539.24*0*PT*0~REF*PO*0045010077~DTM*999*20100828~RMR*IV*664550446**439.75*439.75*0*PT*0~REF*PO*0045010199~DTM*999*20100829~RMR*IV*664550656**518.88*518.88*0*PT*0~REF*PO*0045010355~DTM*999*20100830~RMR*IV*665102849**629.46*629.46*0*PT*0~REF*PO*0051038718~DTM*999*20100828~RMR*IV*665102879**247.6*247.6*0*PT*0~REF*PO*0051038825~DTM*999*20100829~RMR*IV*665103028**375.18*375.18*0*PT*0~REF*PO*0051038969~DTM*999*20100830~RMR*IV*665473449**153.03*153.03*0*PT*0~REF*PO*0054010415~DTM*999*20100828~RMR*IV*665473489**156.05*156.05*0*PT*0~REF*PO*0054010533~DTM*999*20100829~RMR*IV*665473651**33.93*33.93*0*PT*0~REF*PO*0054010715~DTM*999*20100830~RMR*IV*666285906**1624*1624*0*PT*0~REF*PO*0062098698~DTM*999*20100828~RMR*IV*666285940**1796.41*1796.41*0*PT*0~REF*PO*0062098930~DTM*999*20100829~RMR*IV*666286090**919.41*919.41*0*PT*0~REF*PO*0062099130~DTM*999*20100830~RMR*IV*666359496**36.26*36.26*0*PT*0~REF*PO*0063001916~DTM*999*20100828~RMR*IV*666359515**32.4*32.4*0*PT*0~REF*PO*0063002039~DTM*999*20100829~RMR*IV*666359645**8.6*8.6*0*PT*0~REF*PO*0063002165~DTM*999*20100830~RMR*IV*667000778**11.05*11.05*0*PT*0~REF*PO*0070042298~DTM*999*20100828~RMR*IV*667000796**17.6*17.6*0*PT*0~REF*PO*0070042422~DTM*999*20100829~RMR*IV*667000923**22.4*22.4*0*PT*0~REF*PO*0070042504~DTM*999*20100830~RMR*IV*667325801**67.47*67.47*0*PT*0~REF*PO*0073054031~DTM*999*20100828~RMR*IV*667325831**57.24*57.24*0*PT*0~REF*PO*0073054157~DTM*999*20100829~RMR*IV*667326049**41.81*41.81*0*PT*0~REF*PO*0073054276~DTM*999*20100830~RMR*IV*668156116**549.68*549.68*0*PT*0~REF*PO*0081042630~DTM*999*20100828~RMR*IV*668156130**485.84*485.84*0*PT*0~REF*PO*0081042742~DTM*999*20100829~RMR*IV*668156244**296.33*296.33*0*PT*0~REF*PO*0081042883~DTM*999*20100830~RMR*IV*668353890**328.86*328.86*0*PT*0~REF*PO*0083008954~DTM*999*20100828~RMR*IV*668353911**300.09*300.09*0*PT*0~REF*PO*0083009069~DTM*999*20100829~RMR*IV*668354192**227.16*227.16*0*PT*0~REF*PO*0083009171~DTM*999*20100830~RMR*IV*683406905**169.89*169.89*0*PT*0~REF*PO*0034044505~DTM*999*20100828~RMR*IV*683406921**204.03*204.03*0*PT*0~REF*PO*0034044606~DTM*999*20100829~RMR*IV*683406961**69.9*69.9*0*PT*0~REF*PO*0034044699~DTM*999*20100830~RMR*IV*687471453**45.81*45.81*0*PT*0~REF*PO*0074000170~DTM*999*20100828~RMR*IV*687471467**44.85*44.85*0*PT*0~REF*PO*0074000261~DTM*999*20100829~RMR*IV*687471653**49.71*49.71*0*PT*0~REF*PO*0074000367~DTM*999*20100830~RMR*IV*687690010**483.28*483.28*0*PT*0~REF*PO*0076020394~DTM*999*20100828~RMR*IV*687690029**535.45*535.45*0*PT*0~REF*PO*0076020508~DTM*999*20100829~RMR*IV*687690263**163.78*163.78*0*PT*0~REF*PO*0076020656~DTM*999*20100830~RMR*IV*688354308**179.75*179.75*0*PT*0~REF*PO*0083091559~DTM*999*20100828~RMR*IV*688354323**105.66*105.66*0*PT*0~REF*PO*0083091678~DTM*999*20100829~RMR*IV*688354438**38.61*38.61*0*PT*0~REF*PO*0083091801~DTM*999*20100830~RMR*IV*688464083**679.04*679.04*0*PT*0~REF*PO*0084081201~DTM*999*20100828~RMR*IV*688464104**452.19*452.19*0*PT*0~REF*PO*0084081392~DTM*999*20100829~RMR*IV*688464225**404.09*404.09*0*PT*0~REF*PO*0084081664~DTM*999*20100830~RMR*IV*696033363**372.55*372.55*0*PT*0~REF*PO*0060061136~DTM*999*20100828~RMR*IV*696033390**274.74*274.74*0*PT*0~REF*PO*0060061241~DTM*999*20100829~RMR*IV*696033659**175.05*175.05*0*PT*0~REF*PO*0060061352~DTM*999*20100830~RMR*IV*696586876**2.5*2.5*0*PT*0~REF*PO*0065014310~DTM*999*20100829~RMR*IV*697101289**176.28*176.28*0*PT*0~REF*PO*0071022672~DTM*999*20100828~RMR*IV*697101309**100.44*100.44*0*PT*0~REF*PO*0071022780~DTM*999*20100829~RMR*IV*697101540**119.11*119.11*0*PT*0~REF*PO*0071022899~DTM*999*20100830~RMR*IV*697274318**87.93*87.93*0*PT*0~REF*PO*0072054030~DTM*999*20100828~RMR*IV*697274330**37.3*37.3*0*PT*0~REF*PO*0072054381~DTM*999*20100829~RMR*IV*697274382**83.99*83.99*0*PT*0~REF*PO*0072054526~DTM*999*20100830~RMR*IV*846377236**184.64*184.64*0*PT*0~REF*PO*0063004388~DTM*999*20100828~RMR*IV*846377260**253.34*253.34*0*PT*0~REF*PO*0063004505~DTM*999*20100829~RMR*IV*846377341**43.33*43.33*0*PT*0~REF*PO*0063004648~DTM*999*20100830~RMR*IV*852624545**263.17*263.17*0*PT*0~REF*PO*0026033167~DTM*999*20100828~RMR*IV*852624561**118.98*118.98*0*PT*0~REF*PO*0026033254~DTM*999*20100829~RMR*IV*852624756**175*175*0*PT*0~REF*PO*0026033368~DTM*999*20100830~RMR*IV*898722444**520.07*520.07*0*PT*0~REF*PO*0087091691~DTM*999*20100828~RMR*IV*898722466**599.47*599.47*0*PT*0~REF*PO*0087091854~DTM*999*20100829~RMR*IV*898722584**434.87*434.87*0*PT*0~REF*PO*0087092007~DTM*999*20100830~SE*692*2723~GE*1*2723~IEA*1*000002733~