ISA*00*          *00*          *14*072271711USAP  *01*148468275      *100906*0701*^*00406*000002730*1*P*>~GS*RA*072271711USAP*148468275*20100906*0701*2720*X*004060~ST*820*2720~BPR*I*59148.88*C*CHK*PBC~TRN*1*2005849404~CUR*BY*USD~REF*ZZ*0001891432~DTM*020*20100906~N1*PE*COLORAMA WHOLESALE NURSERY~REF*VR*187714~N1*PR*HOME DEPOT U.S.A., INC.~ENT*1~RMR*OS*06065152**-24*-24*0*CM*0~REF*PO*CONSIGNM~DTM*999*20100903~RMR*OS*06108694**-2.25*-2.25*0*CM*0~REF*PO*CONSIGNM~DTM*999*20100902~RMR*OS*06108710**-28.37*-28.37*0*CM*0~REF*PO*CONSIGNM~DTM*999*20100903~RMR*OS*06111878**-2.25*-2.25*0*CM*0~REF*PO*CONSIGNM~DTM*999*20100902~RMR*OS*06180808**-16.9*-16.9*0*CM*0~REF*PO*CONSIGNM~DTM*999*20100902~RMR*OS*06386918**-18.38*-18.38*0*CM*0~REF*PO*CONSIGNM~DTM*999*20100902~RMR*OS*06386954**-22.7*-22.7*0*CM*0~REF*PO*CONSIGNM~DTM*999*20100903~RMR*OS*06451821**-88.86*-88.86*0*CM*0~REF*PO*CONSIGNM~DTM*999*20100902~RMR*OS*06451824**-10.95*-10.95*0*CM*0~REF*PO*CONSIGNM~DTM*999*20100903~RMR*OS*06492085**-24.91*-24.91*0*CM*0~REF*PO*CONSIGNM~DTM*999*20100902~RMR*OS*06492133**-7.2*-7.2*0*CM*0~REF*PO*CONSIGNM~DTM*999*20100903~RMR*OS*06654330**-34.24*-34.24*0*CM*0~REF*PO*CONSIGNM~DTM*999*20100902~RMR*OS*06672970**-6.51*-6.51*0*CM*0~REF*PO*CONSIGNM~DTM*999*20100902~RMR*OS*06689423**-22.58*-22.58*0*CM*0~REF*PO*CONSIGNM~DTM*999*20100902~RMR*OS*06689448**-22.25*-22.25*0*CM*0~REF*PO*CONSIGNM~DTM*999*20100903~RMR*OS*06833429**-19.58*-19.58*0*CM*0~REF*PO*CONSIGNM~DTM*999*20100902~RMR*OS*06875050**-12*-12*0*CM*0~REF*PO*CONSIGNM~DTM*999*20100902~RMR*OS*06875089**-49.14*-49.14*0*CM*0~REF*PO*CONSIGNM~DTM*999*20100903~RMR*OS*10125943**-72*-72*0*CM*0~REF*PO*CONSIGNM~DTM*999*20100902~RMR*OS*10125976**-32.82*-32.82*0*CM*0~REF*PO*CONSIGNM~DTM*999*20100903~RMR*OS*10134249**-40.22*-40.22*0*CM*0~REF*PO*CONSIGNM~DTM*999*20100902~RMR*OS*10283785**-22.55*-22.55*0*CM*0~REF*PO*CONSIGNM~DTM*999*20100902~RMR*OS*10283821**-39.4*-39.4*0*CM*0~REF*PO*CONSIGNM~DTM*999*20100903~RMR*OS*10318868**-12*-12*0*CM*0~REF*PO*CONSIGNM~DTM*999*20100903~RMR*OS*10402368**-7.49*-7.49*0*CM*0~REF*PO*CONSIGNM~DTM*999*20100902~RMR*OS*10521900**-20.13*-20.13*0*CM*0~REF*PO*CONSIGNM~DTM*999*20100903~RMR*OS*10590309**-5.81*-5.81*0*CM*0~REF*PO*CONSIGNM~DTM*999*20100902~RMR*OS*10590328**-6.75*-6.75*0*CM*0~REF*PO*CONSIGNM~DTM*999*20100903~RMR*OS*10621949**-7.35*-7.35*0*CM*0~REF*PO*CONSIGNM~DTM*999*20100903~RMR*OS*10700038**-5.34*-5.34*0*CM*0~REF*PO*CONSIGNM~DTM*999*20100903~RMR*OS*10834568**-22.16*-22.16*0*CM*0~REF*PO*CONSIGNM~DTM*999*20100902~RMR*OS*10849239**-28.48*-28.48*0*CM*0~REF*PO*CONSIGNM~DTM*999*20100903~RMR*OS*10899500**-11.47*-11.47*0*CM*0~REF*PO*CONSIGNM~DTM*999*20100902~RMR*OS*10899506**-89.97*-89.97*0*CM*0~REF*PO*CONSIGNM~DTM*999*20100903~RMR*OS*18445532**-9.35*-9.35*0*CM*0~REF*PO*CONSIGNM~DTM*999*20100902~RMR*OS*18445537**-40.33*-40.33*0*CM*0~REF*PO*CONSIGNM~DTM*999*20100903~RMR*OS*18458587**-6.75*-6.75*0*CM*0~REF*PO*CONSIGNM~DTM*999*20100902~RMR*OS*18458622**-59.27*-59.27*0*CM*0~REF*PO*CONSIGNM~DTM*999*20100903~RMR*OS*18570026**-14.55*-14.55*0*CM*0~REF*PO*CONSIGNM~DTM*999*20100902~RMR*OS*18570070**-72.08*-72.08*0*CM*0~REF*PO*CONSIGNM~DTM*999*20100903~RMR*OS*66142122**-10.75*-10.75*0*CM*0~REF*PO*CONSIGNM~DTM*999*20100903~RMR*OS*66179545**-1.25*-1.25*0*CM*0~REF*PO*CONSIGNM~DTM*999*20100902~RMR*OS*66179596**-12*-12*0*CM*0~REF*PO*CONSIGNM~DTM*999*20100903~RMR*OS*66232650**-66.91*-66.91*0*CM*0~REF*PO*CONSIGNM~DTM*999*20100902~RMR*OS*66232721**-13.19*-13.19*0*CM*0~REF*PO*CONSIGNM~DTM*999*20100903~RMR*OS*66292736**-4.5*-4.5*0*CM*0~REF*PO*CONSIGNM~DTM*999*20100902~RMR*OS*66292790**-32.49*-32.49*0*CM*0~REF*PO*CONSIGNM~DTM*999*20100903~RMR*OS*66304880**-4.5*-4.5*0*CM*0~REF*PO*CONSIGNM~DTM*999*20100903~RMR*OS*66371642**-11.94*-11.94*0*CM*0~REF*PO*CONSIGNM~DTM*999*20100902~RMR*OS*66371691**-6.51*-6.51*0*CM*0~REF*PO*CONSIGNM~DTM*999*20100903~RMR*OS*66389113**-4.03*-4.03*0*CM*0~REF*PO*CONSIGNM~DTM*999*20100902~RMR*OS*66389149**-4.5*-4.5*0*CM*0~REF*PO*CONSIGNM~DTM*999*20100903~RMR*OS*66404948**-11.76*-11.76*0*CM*0~REF*PO*CONSIGNM~DTM*999*20100902~RMR*OS*66404986**-17.15*-17.15*0*CM*0~REF*PO*CONSIGNM~DTM*999*20100903~RMR*OS*66459812**-8.14*-8.14*0*CM*0~REF*PO*CONSIGNM~DTM*999*20100902~RMR*OS*66459887**-11.25*-11.25*0*CM*0~REF*PO*CONSIGNM~DTM*999*20100903~RMR*OS*66518275**-34.4*-34.4*0*CM*0~REF*PO*CONSIGNM~DTM*999*20100902~RMR*OS*66518311**-57.36*-57.36*0*CM*0~REF*PO*CONSIGNM~DTM*999*20100903~RMR*OS*66544100**-16.61*-16.61*0*CM*0~REF*PO*CONSIGNM~DTM*999*20100902~RMR*OS*66544144**-7.68*-7.68*0*CM*0~REF*PO*CONSIGNM~DTM*999*20100903~RMR*OS*66626519**-63.56*-63.56*0*CM*0~REF*PO*CONSIGNM~DTM*999*20100902~RMR*OS*66626592**-68.43*-68.43*0*CM*0~REF*PO*CONSIGNM~DTM*999*20100903~RMR*OS*66632332**-5.12*-5.12*0*CM*0~REF*PO*CONSIGNM~DTM*999*20100903~RMR*OS*66737433**-4.2*-4.2*0*CM*0~REF*PO*CONSIGNM~DTM*999*20100902~RMR*OS*66737472**-12.36*-12.36*0*CM*0~REF*PO*CONSIGNM~DTM*999*20100903~RMR*OS*66832519**-9*-9*0*CM*0~REF*PO*CONSIGNM~DTM*999*20100902~RMR*OS*66895312**-19.31*-19.31*0*CM*0~REF*PO*CONSIGNM~DTM*999*20100902~RMR*OS*66895343**-43*-43*0*CM*0~REF*PO*CONSIGNM~DTM*999*20100903~RMR*OS*68342413**-7.68*-7.68*0*CM*0~REF*PO*CONSIGNM~DTM*999*20100902~RMR*OS*68745945**-7.12*-7.12*0*CM*0~REF*PO*CONSIGNM~DTM*999*20100903~RMR*OS*68768483**-11.75*-11.75*0*CM*0~REF*PO*CONSIGNM~DTM*999*20100902~RMR*OS*68768500**-14.49*-14.49*0*CM*0~REF*PO*CONSIGNM~DTM*999*20100903~RMR*OS*68838587**-3.95*-3.95*0*CM*0~REF*PO*CONSIGNM~DTM*999*20100902~RMR*OS*68838602**-15.71*-15.71*0*CM*0~REF*PO*CONSIGNM~DTM*999*20100903~RMR*OS*68841579**-10.37*-10.37*0*CM*0~REF*PO*CONSIGNM~DTM*999*20100902~RMR*OS*68841603**-22.74*-22.74*0*CM*0~REF*PO*CONSIGNM~DTM*999*20100903~RMR*OS*69605843**-5.73*-5.73*0*CM*0~REF*PO*CONSIGNM~DTM*999*20100902~RMR*OS*69605871**-17.48*-17.48*0*CM*0~REF*PO*CONSIGNM~DTM*999*20100903~RMR*OS*69716310**-22.8*-22.8*0*CM*0~REF*PO*CONSIGNM~DTM*999*20100902~RMR*OS*69716327**-7.81*-7.81*0*CM*0~REF*PO*CONSIGNM~DTM*999*20100903~RMR*OS*89878215**-60.1*-60.1*0*CM*0~REF*PO*CONSIGNM~DTM*999*20100902~RMR*OS*89878249**-62.96*-62.96*0*CM*0~REF*PO*CONSIGNM~DTM*999*20100903~RMR*IV*061001806**226.18*226.18*0*PT*0~REF*PO*0010039009~DTM*999*20100821~RMR*IV*061001825**148.28*148.28*0*PT*0~REF*PO*0010039131~DTM*999*20100822~RMR*IV*061002073**169.12*169.12*0*PT*0~REF*PO*0010039229~DTM*999*20100823~RMR*IV*061190637**13.5*13.5*0*PT*0~REF*PO*0011051483~DTM*999*20100821~RMR*IV*061190656**24.55*24.55*0*PT*0~REF*PO*0011051607~DTM*999*20100822~RMR*IV*061190770**35.6*35.6*0*PT*0~REF*PO*0011051714~DTM*999*20100823~RMR*IV*061469573**1.25*1.25*0*PT*0~REF*PO*0014048964~DTM*999*20100823~RMR*IV*061829617**83.25*83.25*0*PT*0~REF*PO*0018041379~DTM*999*20100821~RMR*IV*061829644**205.16*205.16*0*PT*0~REF*PO*0018041535~DTM*999*20100822~RMR*IV*061829789**93.2*93.2*0*PT*0~REF*PO*0018041657~DTM*999*20100823~RMR*IV*063852608**247.7*247.7*0*PT*0~REF*PO*0038093390~DTM*999*20100821~RMR*IV*063852628**238.27*238.27*0*PT*0~REF*PO*0038093528~DTM*999*20100822~RMR*IV*063852699**154.56*154.56*0*PT*0~REF*PO*0038093731~DTM*999*20100823~RMR*IV*064502286**516.22*516.22*0*PT*0~REF*PO*0045012909~DTM*999*20100821~RMR*IV*064502310**426.07*426.07*0*PT*0~REF*PO*0045013023~DTM*999*20100822~RMR*IV*064502561**127.54*127.54*0*PT*0~REF*PO*0045013139~DTM*999*20100823~RMR*IV*064815095**61.4*61.4*0*PT*0~REF*PO*0048089278~DTM*999*20100821~RMR*IV*064815129**35.5*35.5*0*PT*0~REF*PO*0048089431~DTM*999*20100822~RMR*IV*064815200**37.2*37.2*0*PT*0~REF*PO*0048089592~DTM*999*20100823~RMR*IV*064945470**1218.88*1218.88*0*PT*0~REF*PO*0049018786~DTM*999*20100821~RMR*IV*064945488**626.17*626.17*0*PT*0~REF*PO*0049018895~DTM*999*20100822~RMR*IV*064945622**405.24*405.24*0*PT*0~REF*PO*0049019017~DTM*999*20100823~RMR*IV*066515755**184.67*184.67*0*PT*0~REF*PO*0065034897~DTM*999*20100821~RMR*IV*066515776**257.64*257.64*0*PT*0~REF*PO*0065034996~DTM*999*20100822~RMR*IV*066515966**239.74*239.74*0*PT*0~REF*PO*0065035134~DTM*999*20100823~RMR*IV*066704667**291.54*291.54*0*PT*0~REF*PO*0067039552~DTM*999*20100821~RMR*IV*066704682**102.68*102.68*0*PT*0~REF*PO*0067039667~DTM*999*20100822~RMR*IV*066704917**103.24*103.24*0*PT*0~REF*PO*0067039804~DTM*999*20100823~RMR*IV*066869941**509.06*509.06*0*PT*0~REF*PO*0068042532~DTM*999*20100821~RMR*IV*066869965**455.34*455.34*0*PT*0~REF*PO*0068042654~DTM*999*20100822~RMR*IV*066870069**217.58*217.58*0*PT*0~REF*PO*0068042794~DTM*999*20100823~RMR*IV*068378292**263.51*263.51*0*PT*0~REF*PO*0083041609~DTM*999*20100821~RMR*IV*068378519**196.91*196.91*0*PT*0~REF*PO*0083041807~DTM*999*20100823~RMR*IV*068378536**263.18*263.18*0*PT*0~REF*PO*0083041819~DTM*999*20100822~RMR*IV*068787349**400.7*400.7*0*PT*0~REF*PO*0087088583~DTM*999*20100821~RMR*IV*068787628**226.43*226.43*0*PT*0~REF*PO*0087089085~DTM*999*20100823~RMR*IV*068787642**579.23*579.23*0*PT*0~REF*PO*0087089135~DTM*999*20100822~RMR*IV*100553725**149.73*149.73*0*PT*0~REF*PO*0005084511~DTM*999*20100821~RMR*IV*100553745**54.42*54.42*0*PT*0~REF*PO*0005084627~DTM*999*20100822~RMR*IV*100553898**68.24*68.24*0*PT*0~REF*PO*0005084743~DTM*999*20100823~RMR*IV*101226132**1078.85*1078.85*0*PT*0~REF*PO*0012022346~DTM*999*20100821~RMR*IV*101226286**980.26*980.26*0*PT*0~REF*PO*0012022558~DTM*999*20100823~RMR*IV*101226305**1175.26*1175.26*0*PT*0~REF*PO*0012022572~DTM*999*20100822~RMR*IV*101337528**1139.62*1139.62*0*PT*0~REF*PO*0013040396~DTM*999*20100821~RMR*IV*101337817**557.5*557.5*0*PT*0~REF*PO*0013040604~DTM*999*20100823~RMR*IV*101337835**1010.61*1010.61*0*PT*0~REF*PO*0013040621~DTM*999*20100822~RMR*IV*102813859**898.35*898.35*0*PT*0~REF*PO*0028060188~DTM*999*20100821~RMR*IV*102813890**796.28*796.28*0*PT*0~REF*PO*0028060292~DTM*999*20100822~RMR*IV*102814113**545.7*545.7*0*PT*0~REF*PO*0028060433~DTM*999*20100823~RMR*IV*103161584**507.87*507.87*0*PT*0~REF*PO*0031045137~DTM*999*20100821~RMR*IV*103161604**743.53*743.53*0*PT*0~REF*PO*0031045261~DTM*999*20100822~RMR*IV*103161728**340.34*340.34*0*PT*0~REF*PO*0031045436~DTM*999*20100823~RMR*IV*104030589**907.02*907.02*0*PT*0~REF*PO*0040021099~DTM*999*20100821~RMR*IV*104030617**848.16*848.16*0*PT*0~REF*PO*0040021222~DTM*999*20100822~RMR*IV*104030759**475.62*475.62*0*PT*0~REF*PO*0040021354~DTM*999*20100823~RMR*IV*105295532**873.68*873.68*0*PT*0~REF*PO*0052012552~DTM*999*20100821~RMR*IV*105295557**883.07*883.07*0*PT*0~REF*PO*0052012711~DTM*999*20100822~RMR*IV*105295707**639.58*639.58*0*PT*0~REF*PO*0052012911~DTM*999*20100823~RMR*IV*105925622**61.3*61.3*0*PT*0~REF*PO*0059095865~DTM*999*20100821~RMR*IV*105925742**39.18*39.18*0*PT*0~REF*PO*0059096079~DTM*999*20100823~RMR*IV*105925750**42.14*42.14*0*PT*0~REF*PO*0059096081~DTM*999*20100822~RMR*IV*106279907**97.61*97.61*0*PT*0~REF*PO*0062021466~DTM*999*20100821~RMR*IV*106279937**87.5*87.5*0*PT*0~REF*PO*0062021604~DTM*999*20100822~RMR*IV*106280088**134.2*134.2*0*PT*0~REF*PO*0062021775~DTM*999*20100823~RMR*IV*108387074**1284.48*1284.48*0*PT*0~REF*PO*0083041763~DTM*999*20100821~RMR*IV*108387100**770.58*770.58*0*PT*0~REF*PO*0083041873~DTM*999*20100822~RMR*IV*108387413**312.72*312.72*0*PT*0~REF*PO*0083042001~DTM*999*20100823~RMR*IV*108972366**202.74*202.74*0*PT*0~REF*PO*0089080255~DTM*999*20100821~RMR*IV*108972484**299.86*299.86*0*PT*0~REF*PO*0089080435~DTM*999*20100823~RMR*IV*108972493**106.94*106.94*0*PT*0~REF*PO*0089080438~DTM*999*20100822~RMR*IV*184429907**204.11*204.11*0*PT*0~REF*PO*0044083771~DTM*999*20100821~RMR*IV*184429922**342.23*342.23*0*PT*0~REF*PO*0044083944~DTM*999*20100822~RMR*IV*184429968**170.08*170.08*0*PT*0~REF*PO*0044084090~DTM*999*20100823~RMR*IV*184508180**84.57*84.57*0*PT*0~REF*PO*0045023846~DTM*999*20100821~RMR*IV*184508208**104.16*104.16*0*PT*0~REF*PO*0045023963~DTM*999*20100822~RMR*IV*184508385**60.85*60.85*0*PT*0~REF*PO*0045024090~DTM*999*20100823~RMR*IV*185797561**258.47*258.47*0*PT*0~REF*PO*0057041579~DTM*999*20100821~RMR*IV*185797584**238.39*238.39*0*PT*0~REF*PO*0057041697~DTM*999*20100822~RMR*IV*185797849**124.45*124.45*0*PT*0~REF*PO*0057041814~DTM*999*20100823~RMR*IV*185882571**28.85*28.85*0*PT*0~REF*PO*0058022042~DTM*999*20100821~RMR*IV*185882592**26.2*26.2*0*PT*0~REF*PO*0058022162~DTM*999*20100822~RMR*IV*185882683**6.55*6.55*0*PT*0~REF*PO*0058022281~DTM*999*20100823~RMR*IV*500967**1040*1040*0*PT*0~REF*PO*0079031742~DTM*999*20100804~RMR*IV*501127**265*265*0*PT*0~REF*PO*0067038400~DTM*999*20100807~RMR*IV*661493152**261.03*261.03*0*PT*0~REF*PO*0014061760~DTM*999*20100821~RMR*IV*661493181**334.03*334.03*0*PT*0~REF*PO*0014061947~DTM*999*20100822~RMR*IV*661493299**133.63*133.63*0*PT*0~REF*PO*0014062193~DTM*999*20100823~RMR*IV*661791103**93.41*93.41*0*PT*0~REF*PO*0017047701~DTM*999*20100821~RMR*IV*661791132**115.26*115.26*0*PT*0~REF*PO*0017047839~DTM*999*20100822~RMR*IV*661791239**63.02*63.02*0*PT*0~REF*PO*0017047994~DTM*999*20100823~RMR*IV*662350765**1383.58*1383.58*0*PT*0~REF*PO*0023070179~DTM*999*20100821~RMR*IV*662350791**1453.56*1453.56*0*PT*0~REF*PO*0023070285~DTM*999*20100822~RMR*IV*662350971**603.13*603.13*0*PT*0~REF*PO*0023070412~DTM*999*20100823~RMR*IV*662952520**328.73*328.73*0*PT*0~REF*PO*0029037983~DTM*999*20100821~RMR*IV*662952548**272.68*272.68*0*PT*0~REF*PO*0029038116~DTM*999*20100822~RMR*IV*662952770**217.91*217.91*0*PT*0~REF*PO*0029038263~DTM*999*20100823~RMR*IV*663098416**284.34*284.34*0*PT*0~REF*PO*0030014148~DTM*999*20100821~RMR*IV*663098428**139*139*0*PT*0~REF*PO*0030014245~DTM*999*20100822~RMR*IV*663098632**110.34*110.34*0*PT*0~REF*PO*0030014336~DTM*999*20100823~RMR*IV*663723497**397.2*397.2*0*PT*0~REF*PO*0037048630~DTM*999*20100821~RMR*IV*663723518**238.8*238.8*0*PT*0~REF*PO*0037048760~DTM*999*20100822~RMR*IV*663723746**195.19*195.19*0*PT*0~REF*PO*0037048936~DTM*999*20100823~RMR*IV*663825719**1173.35*1173.35*0*PT*0~REF*PO*0038074735~DTM*999*20100821~RMR*IV*663825885**613.97*613.97*0*PT*0~REF*PO*0038074982~DTM*999*20100823~RMR*IV*663825895**1167*1167*0*PT*0~REF*PO*0038075001~DTM*999*20100822~RMR*IV*664022075**1504.5*1504.5*0*PT*0~REF*PO*0040072844~DTM*999*20100821~RMR*IV*664022105**1163.31*1163.31*0*PT*0~REF*PO*0040072964~DTM*999*20100822~RMR*IV*664022270**541.44*541.44*0*PT*0~REF*PO*0040073078~DTM*999*20100823~RMR*IV*664549350**563.11*563.11*0*PT*0~REF*PO*0045009416~DTM*999*20100821~RMR*IV*664549363**352.92*352.92*0*PT*0~REF*PO*0045009543~DTM*999*20100822~RMR*IV*664549583**212.88*212.88*0*PT*0~REF*PO*0045009669~DTM*999*20100823~RMR*IV*665102188**718.48*718.48*0*PT*0~REF*PO*0051038100~DTM*999*20100821~RMR*IV*665102205**559.06*559.06*0*PT*0~REF*PO*0051038210~DTM*999*20100822~RMR*IV*665102378**169.8*169.8*0*PT*0~REF*PO*0051038346~DTM*999*20100823~RMR*IV*665472641**185.37*185.37*0*PT*0~REF*PO*0054009627~DTM*999*20100821~RMR*IV*665472760**54.99*54.99*0*PT*0~REF*PO*0054009937~DTM*999*20100823~RMR*IV*665472807**66.46*66.46*0*PT*0~REF*PO*0054009771~DTM*999*20100822~RMR*IV*666284902**2359.71*2359.71*0*PT*0~REF*PO*0062097355~DTM*999*20100821~RMR*IV*666284942**1499.01*1499.01*0*PT*0~REF*PO*0062097599~DTM*999*20100822~RMR*IV*666285128**832.52*832.52*0*PT*0~REF*PO*0062097873~DTM*999*20100823~RMR*IV*666358799**62.97*62.97*0*PT*0~REF*PO*0063001308~DTM*999*20100821~RMR*IV*666358818**11.27*11.27*0*PT*0~REF*PO*0063001425~DTM*999*20100822~RMR*IV*666358971**16.9*16.9*0*PT*0~REF*PO*0063001563~DTM*999*20100823~RMR*IV*667000152**39.7*39.7*0*PT*0~REF*PO*0070041881~DTM*999*20100822~RMR*IV*667000242**30.9*30.9*0*PT*0~REF*PO*0070041973~DTM*999*20100823~RMR*IV*667324902**86.04*86.04*0*PT*0~REF*PO*0073053425~DTM*999*20100821~RMR*IV*667324949**142.14*142.14*0*PT*0~REF*PO*0073053545~DTM*999*20100822~RMR*IV*667325142**78.3*78.3*0*PT*0~REF*PO*0073053663~DTM*999*20100823~RMR*IV*668155549**764.9*764.9*0*PT*0~REF*PO*0081041994~DTM*999*20100821~RMR*IV*668155567**711.55*711.55*0*PT*0~REF*PO*0081042104~DTM*999*20100822~RMR*IV*668155674**264.38*264.38*0*PT*0~REF*PO*0081042240~DTM*999*20100823~RMR*IV*668353032**246.43*246.43*0*PT*0~REF*PO*0083008432~DTM*999*20100821~RMR*IV*668353055**268.1*268.1*0*PT*0~REF*PO*0083008535~DTM*999*20100822~RMR*IV*668353233**158.55*158.55*0*PT*0~REF*PO*0083008655~DTM*999*20100823~RMR*IV*683405935**235.67*235.67*0*PT*0~REF*PO*0034044045~DTM*999*20100821~RMR*IV*683406052**269.46*269.46*0*PT*0~REF*PO*0034044144~DTM*999*20100822~RMR*IV*683406112**181.63*181.63*0*PT*0~REF*PO*0034044240~DTM*999*20100823~RMR*IV*687470628**116.51*116.51*0*PT*0~REF*PO*0074099701~DTM*999*20100821~RMR*IV*687470644**86.29*86.29*0*PT*0~REF*PO*0074099787~DTM*999*20100822~RMR*IV*687470838**50.29*50.29*0*PT*0~REF*PO*0074099901~DTM*999*20100823~RMR*IV*687689092**347.73*347.73*0*PT*0~REF*PO*0076019740~DTM*999*20100821~RMR*IV*687689110**359.19*359.19*0*PT*0~REF*PO*0076019863~DTM*999*20100822~RMR*IV*687689315**131.17*131.17*0*PT*0~REF*PO*0076020024~DTM*999*20100823~RMR*IV*688353787**191.99*191.99*0*PT*0~REF*PO*0083090871~DTM*999*20100821~RMR*IV*688353811**125.19*125.19*0*PT*0~REF*PO*0083090998~DTM*999*20100822~RMR*IV*688353932**82.29*82.29*0*PT*0~REF*PO*0083091136~DTM*999*20100823~RMR*IV*688463163**569.81*569.81*0*PT*0~REF*PO*0084080118~DTM*999*20100821~RMR*IV*688463176**476.52*476.52*0*PT*0~REF*PO*0084080306~DTM*999*20100822~RMR*IV*688463348**349.71*349.71*0*PT*0~REF*PO*0084080531~DTM*999*20100823~RMR*IV*696032362**453.65*453.65*0*PT*0~REF*PO*0060060656~DTM*999*20100821~RMR*IV*696032385**349.29*349.29*0*PT*0~REF*PO*0060060756~DTM*999*20100822~RMR*IV*696032626**193.42*193.42*0*PT*0~REF*PO*0060060854~DTM*999*20100823~RMR*IV*697100277**120.34*120.34*0*PT*0~REF*PO*0071022069~DTM*999*20100821~RMR*IV*697100514**84.32*84.32*0*PT*0~REF*PO*0071022349~DTM*999*20100823~RMR*IV*697100526**142.03*142.03*0*PT*0~REF*PO*0071022362~DTM*999*20100822~RMR*IV*697273948**140.61*140.61*0*PT*0~REF*PO*0072053042~DTM*999*20100821~RMR*IV*697273958**130.84*130.84*0*PT*0~REF*PO*0072053397~DTM*999*20100822~RMR*IV*697273984**110.74*110.74*0*PT*0~REF*PO*0072053542~DTM*999*20100823~RMR*IV*846376569**110.09*110.09*0*PT*0~REF*PO*0063003718~DTM*999*20100821~RMR*IV*846376591**83.98*83.98*0*PT*0~REF*PO*0063003834~DTM*999*20100822~RMR*IV*846376710**26.82*26.82*0*PT*0~REF*PO*0063003996~DTM*999*20100823~RMR*IV*852623444**169.74*169.74*0*PT*0~REF*PO*0026032656~DTM*999*20100821~RMR*IV*852623464**169.7*169.7*0*PT*0~REF*PO*0026032743~DTM*999*20100822~RMR*IV*852623670**92.65*92.65*0*PT*0~REF*PO*0026032874~DTM*999*20100823~RMR*IV*898721445**585.89*585.89*0*PT*0~REF*PO*0087090911~DTM*999*20100821~RMR*IV*898721465**449.91*449.91*0*PT*0~REF*PO*0087091053~DTM*999*20100822~RMR*IV*898721603**327.7*327.7*0*PT*0~REF*PO*0087091246~DTM*999*20100823~RMR*IV*898854441**7.65*7.65*0*PT*0~REF*PO*0088084823~DTM*999*20100822~SE*761*2720~GE*1*2720~IEA*1*000002730~