ISA*00*          *00*          *14*072271711USAP  *01*148468275      *100901*0945*^*00406*000002728*1*P*>~GS*RA*072271711USAP*148468275*20100901*0945*2718*X*004060~ST*820*2718~BPR*I*26024.09*C*CHK*PBC~TRN*1*2005682818~CUR*BY*USD~REF*ZZ*0001887332~DTM*020*20100901~N1*PE*COLORAMA WHOLESALE NURSERY~REF*VR*187714~N1*PR*HOME DEPOT U.S.A., INC.~ENT*1~RMR*OS*06108626**-9.68*-9.68*0*CM*0~REF*PO*CONSIGNM~DTM*999*20100828~RMR*OS*06108627**-15.51*-15.51*0*CM*0~REF*PO*CONSIGNM~DTM*999*20100829~RMR*OS*06108631**-12.71*-12.71*0*CM*0~REF*PO*CONSIGNM~DTM*999*20100830~RMR*OS*06126787**-8.9*-8.9*0*CM*0~REF*PO*CONSIGNM~DTM*999*20100829~RMR*OS*06163553**-8.4*-8.4*0*CM*0~REF*PO*CONSIGNM~DTM*999*20100829~RMR*OS*06386834**-6.75*-6.75*0*CM*0~REF*PO*CONSIGNM~DTM*999*20100828~RMR*OS*06386837**-69.35*-69.35*0*CM*0~REF*PO*CONSIGNM~DTM*999*20100829~RMR*OS*06386839**-7.32*-7.32*0*CM*0~REF*PO*CONSIGNM~DTM*999*20100830~RMR*OS*06451712**-51.62*-51.62*0*CM*0~REF*PO*CONSIGNM~DTM*999*20100828~RMR*OS*06451714**-34.62*-34.62*0*CM*0~REF*PO*CONSIGNM~DTM*999*20100829~RMR*OS*06451718**-64.07*-64.07*0*CM*0~REF*PO*CONSIGNM~DTM*999*20100830~RMR*OS*06489703**-10*-10*0*CM*0~REF*PO*CONSIGNM~DTM*999*20100829~RMR*OS*06489706**-24*-24*0*CM*0~REF*PO*CONSIGNM~DTM*999*20100830~RMR*OS*06491928**-54.12*-54.12*0*CM*0~REF*PO*CONSIGNM~DTM*999*20100828~RMR*OS*06491933**-14.24*-14.24*0*CM*0~REF*PO*CONSIGNM~DTM*999*20100829~RMR*OS*06491937**-86.88*-86.88*0*CM*0~REF*PO*CONSIGNM~DTM*999*20100830~RMR*OS*06654240**-25.56*-25.56*0*CM*0~REF*PO*CONSIGNM~DTM*999*20100828~RMR*OS*06654244**-13.62*-13.62*0*CM*0~REF*PO*CONSIGNM~DTM*999*20100829~RMR*OS*06654248**-34.9*-34.9*0*CM*0~REF*PO*CONSIGNM~DTM*999*20100830~RMR*OS*06672898**-23.25*-23.25*0*CM*0~REF*PO*CONSIGNM~DTM*999*20100829~RMR*OS*06672901**-22.87*-22.87*0*CM*0~REF*PO*CONSIGNM~DTM*999*20100830~RMR*OS*06689284**-24.12*-24.12*0*CM*0~REF*PO*CONSIGNM~DTM*999*20100828~RMR*OS*06689293**-8.68*-8.68*0*CM*0~REF*PO*CONSIGNM~DTM*999*20100830~RMR*OS*06833288**-2.17*-2.17*0*CM*0~REF*PO*CONSIGNM~DTM*999*20100828~RMR*OS*06833291**-20.59*-20.59*0*CM*0~REF*PO*CONSIGNM~DTM*999*20100830~RMR*OS*06874917**-39.35*-39.35*0*CM*0~REF*PO*CONSIGNM~DTM*999*20100828~RMR*OS*06874923**-36.17*-36.17*0*CM*0~REF*PO*CONSIGNM~DTM*999*20100829~RMR*OS*10055662**-13.5*-13.5*0*CM*0~REF*PO*CONSIGNM~DTM*999*20100830~RMR*OS*10125827**-42.55*-42.55*0*CM*0~REF*PO*CONSIGNM~DTM*999*20100828~RMR*OS*10125836**-17.8*-17.8*0*CM*0~REF*PO*CONSIGNM~DTM*999*20100830~RMR*OS*10134081**-32.87*-32.87*0*CM*0~REF*PO*CONSIGNM~DTM*999*20100828~RMR*OS*10134084**-52.95*-52.95*0*CM*0~REF*PO*CONSIGNM~DTM*999*20100829~RMR*OS*10134087**-46.94*-46.94*0*CM*0~REF*PO*CONSIGNM~DTM*999*20100830~RMR*OS*10189083**-11.25*-11.25*0*CM*0~REF*PO*CONSIGNM~DTM*999*20100829~RMR*OS*10283614**-68.74*-68.74*0*CM*0~REF*PO*CONSIGNM~DTM*999*20100828~RMR*OS*10283617**-56.76*-56.76*0*CM*0~REF*PO*CONSIGNM~DTM*999*20100829~RMR*OS*10283622**-45.8*-45.8*0*CM*0~REF*PO*CONSIGNM~DTM*999*20100830~RMR*OS*10318780**-13.78*-13.78*0*CM*0~REF*PO*CONSIGNM~DTM*999*20100830~RMR*OS*10402133**-32.71*-32.71*0*CM*0~REF*PO*CONSIGNM~DTM*999*20100828~RMR*OS*10402152**-24.19*-24.19*0*CM*0~REF*PO*CONSIGNM~DTM*999*20100830~RMR*OS*10521762**-17.56*-17.56*0*CM*0~REF*PO*CONSIGNM~DTM*999*20100829~RMR*OS*10521766**-4.23*-4.23*0*CM*0~REF*PO*CONSIGNM~DTM*999*20100830~RMR*OS*10590244**-1.9*-1.9*0*CM*0~REF*PO*CONSIGNM~DTM*999*20100829~RMR*OS*10590245**-19.75*-19.75*0*CM*0~REF*PO*CONSIGNM~DTM*999*20100830~RMR*OS*10621777**-25.8*-25.8*0*CM*0~REF*PO*CONSIGNM~DTM*999*20100828~RMR*OS*10621781**-16.75*-16.75*0*CM*0~REF*PO*CONSIGNM~DTM*999*20100829~RMR*OS*10834453**-80.66*-80.66*0*CM*0~REF*PO*CONSIGNM~DTM*999*20100828~RMR*OS*10834454**-73*-73*0*CM*0~REF*PO*CONSIGNM~DTM*999*20100829~RMR*OS*10834458**-56.16*-56.16*0*CM*0~REF*PO*CONSIGNM~DTM*999*20100830~RMR*OS*10899470**-16.2*-16.2*0*CM*0~REF*PO*CONSIGNM~DTM*999*20100830~RMR*OS*18445453**-43.3*-43.3*0*CM*0~REF*PO*CONSIGNM~DTM*999*20100829~RMR*OS*18445457**-7.65*-7.65*0*CM*0~REF*PO*CONSIGNM~DTM*999*20100830~RMR*OS*18458430**-11.44*-11.44*0*CM*0~REF*PO*CONSIGNM~DTM*999*20100829~RMR*OS*18458438**-32.1*-32.1*0*CM*0~REF*PO*CONSIGNM~DTM*999*20100830~RMR*OS*18579907**-23.82*-23.82*0*CM*0~REF*PO*CONSIGNM~DTM*999*20100829~RMR*OS*66102114**-5.1*-5.1*0*CM*0~REF*PO*CONSIGNM~DTM*999*20100829~RMR*OS*66141892**-39.81*-39.81*0*CM*0~REF*PO*CONSIGNM~DTM*999*20100829~RMR*OS*66141898**-18*-18*0*CM*0~REF*PO*CONSIGNM~DTM*999*20100830~RMR*OS*66179316**-6.16*-6.16*0*CM*0~REF*PO*CONSIGNM~DTM*999*20100828~RMR*OS*66179323**-34.7*-34.7*0*CM*0~REF*PO*CONSIGNM~DTM*999*20100829~RMR*OS*66232453**-54.59*-54.59*0*CM*0~REF*PO*CONSIGNM~DTM*999*20100828~RMR*OS*66232457**-55.81*-55.81*0*CM*0~REF*PO*CONSIGNM~DTM*999*20100829~RMR*OS*66232546**-65.65*-65.65*0*CM*0~REF*PO*CONSIGNM~DTM*999*20100830~RMR*OS*66292505**-24.25*-24.25*0*CM*0~REF*PO*CONSIGNM~DTM*999*20100828~RMR*OS*66292512**-23.36*-23.36*0*CM*0~REF*PO*CONSIGNM~DTM*999*20100829~RMR*OS*66304784**-2.25*-2.25*0*CM*0~REF*PO*CONSIGNM~DTM*999*20100828~RMR*OS*66304788**-5.34*-5.34*0*CM*0~REF*PO*CONSIGNM~DTM*999*20100830~RMR*OS*66371509**-12.02*-12.02*0*CM*0~REF*PO*CONSIGNM~DTM*999*20100828~RMR*OS*66371511**-5.34*-5.34*0*CM*0~REF*PO*CONSIGNM~DTM*999*20100829~RMR*OS*66371516**-1.78*-1.78*0*CM*0~REF*PO*CONSIGNM~DTM*999*20100830~RMR*OS*66389001**-27.34*-27.34*0*CM*0~REF*PO*CONSIGNM~DTM*999*20100828~RMR*OS*66389004**-7.78*-7.78*0*CM*0~REF*PO*CONSIGNM~DTM*999*20100829~RMR*OS*66404756**-1.78*-1.78*0*CM*0~REF*PO*CONSIGNM~DTM*999*20100828~RMR*OS*66404761**-71.11*-71.11*0*CM*0~REF*PO*CONSIGNM~DTM*999*20100829~RMR*OS*66404826**-49.17*-49.17*0*CM*0~REF*PO*CONSIGNM~DTM*999*20100830~RMR*OS*66459655**-6.55*-6.55*0*CM*0~REF*PO*CONSIGNM~DTM*999*20100828~RMR*OS*66459659**-68.32*-68.32*0*CM*0~REF*PO*CONSIGNM~DTM*999*20100829~RMR*OS*66459663**-1.45*-1.45*0*CM*0~REF*PO*CONSIGNM~DTM*999*20100830~RMR*OS*66518118**-25.52*-25.52*0*CM*0~REF*PO*CONSIGNM~DTM*999*20100828~RMR*OS*66518124**-9.8*-9.8*0*CM*0~REF*PO*CONSIGNM~DTM*999*20100829~RMR*OS*66518127**-59.46*-59.46*0*CM*0~REF*PO*CONSIGNM~DTM*999*20100830~RMR*OS*66543918**-24.8*-24.8*0*CM*0~REF*PO*CONSIGNM~DTM*999*20100828~RMR*OS*66626314**-45.08*-45.08*0*CM*0~REF*PO*CONSIGNM~DTM*999*20100828~RMR*OS*66626319**-51.46*-51.46*0*CM*0~REF*PO*CONSIGNM~DTM*999*20100829~RMR*OS*66626323**-29.98*-29.98*0*CM*0~REF*PO*CONSIGNM~DTM*999*20100830~RMR*OS*66632153**-2.17*-2.17*0*CM*0~REF*PO*CONSIGNM~DTM*999*20100828~RMR*OS*66632155**-10.2*-10.2*0*CM*0~REF*PO*CONSIGNM~DTM*999*20100829~RMR*OS*66737245**-19*-19*0*CM*0~REF*PO*CONSIGNM~DTM*999*20100828~RMR*OS*66814457**-4.34*-4.34*0*CM*0~REF*PO*CONSIGNM~DTM*999*20100830~RMR*OS*66832411**-47.31*-47.31*0*CM*0~REF*PO*CONSIGNM~DTM*999*20100828~RMR*OS*66832412**-14.8*-14.8*0*CM*0~REF*PO*CONSIGNM~DTM*999*20100829~RMR*OS*66832413**-43.93*-43.93*0*CM*0~REF*PO*CONSIGNM~DTM*999*20100830~RMR*OS*66895194**-75.25*-75.25*0*CM*0~REF*PO*CONSIGNM~DTM*999*20100829~RMR*OS*68342329**-5.5*-5.5*0*CM*0~REF*PO*CONSIGNM~DTM*999*20100828~RMR*OS*68342331**-12.74*-12.74*0*CM*0~REF*PO*CONSIGNM~DTM*999*20100829~RMR*OS*68745895**-7.12*-7.12*0*CM*0~REF*PO*CONSIGNM~DTM*999*20100829~RMR*OS*68755080**-7.27*-7.27*0*CM*0~REF*PO*CONSIGNM~DTM*999*20100829~RMR*OS*68768369**-63.86*-63.86*0*CM*0~REF*PO*CONSIGNM~DTM*999*20100828~RMR*OS*68768372**-13.34*-13.34*0*CM*0~REF*PO*CONSIGNM~DTM*999*20100829~RMR*OS*68768376**-85.17*-85.17*0*CM*0~REF*PO*CONSIGNM~DTM*999*20100830~RMR*OS*68838524**-33.39*-33.39*0*CM*0~REF*PO*CONSIGNM~DTM*999*20100829~RMR*OS*68838526**-3.56*-3.56*0*CM*0~REF*PO*CONSIGNM~DTM*999*20100830~RMR*OS*68841486**-6.51*-6.51*0*CM*0~REF*PO*CONSIGNM~DTM*999*20100830~RMR*OS*69605692**-4.34*-4.34*0*CM*0~REF*PO*CONSIGNM~DTM*999*20100828~RMR*OS*69605695**-8.06*-8.06*0*CM*0~REF*PO*CONSIGNM~DTM*999*20100830~RMR*OS*69716249**-4.34*-4.34*0*CM*0~REF*PO*CONSIGNM~DTM*999*20100830~RMR*OS*69729624**-2.17*-2.17*0*CM*0~REF*PO*CONSIGNM~DTM*999*20100828~RMR*OS*84636000**-4.9*-4.9*0*CM*0~REF*PO*CONSIGNM~DTM*999*20100830~RMR*OS*85262461**-53.4*-53.4*0*CM*0~REF*PO*CONSIGNM~DTM*999*20100829~RMR*OS*85262463**-2.55*-2.55*0*CM*0~REF*PO*CONSIGNM~DTM*999*20100830~RMR*OS*89878111**-39.07*-39.07*0*CM*0~REF*PO*CONSIGNM~DTM*999*20100828~RMR*OS*89878113**-5.1*-5.1*0*CM*0~REF*PO*CONSIGNM~DTM*999*20100829~RMR*OS*89878114**-29.16*-29.16*0*CM*0~REF*PO*CONSIGNM~DTM*999*20100830~RMR*OS*89884037**-2.55*-2.55*0*CM*0~REF*PO*CONSIGNM~DTM*999*20100829~RMR*IV*060684753**4.34*4.34*0*PT*0~REF*PO*0006081617~DTM*999*20100818~RMR*IV*060769681**6.55*6.55*0*PT*0~REF*PO*0007027069~DTM*999*20100817~RMR*IV*060833789**1.98*1.98*0*PT*0~REF*PO*0008085341~DTM*999*20100817~RMR*IV*061001130**179.53*179.53*0*PT*0~REF*PO*0010038801~DTM*999*20100817~RMR*IV*061001319**189.99*189.99*0*PT*0~REF*PO*0010038889~DTM*999*20100818~RMR*IV*061190175**19.04*19.04*0*PT*0~REF*PO*0011051271~DTM*999*20100817~RMR*IV*061190360**15.08*15.08*0*PT*0~REF*PO*0011051353~DTM*999*20100818~RMR*IV*061828985**118.55*118.55*0*PT*0~REF*PO*0018041144~DTM*999*20100817~RMR*IV*061829221**109.44*109.44*0*PT*0~REF*PO*0018041230~DTM*999*20100818~RMR*IV*063852375**79.42*79.42*0*PT*0~REF*PO*0038093180~DTM*999*20100817~RMR*IV*063852439**171.91*171.91*0*PT*0~REF*PO*0038093274~DTM*999*20100818~RMR*IV*064501699**244.36*244.36*0*PT*0~REF*PO*0045012684~DTM*999*20100817~RMR*IV*064501854**279.86*279.86*0*PT*0~REF*PO*0045012769~DTM*999*20100818~RMR*IV*064814654**27.65*27.65*0*PT*0~REF*PO*0048088948~DTM*999*20100817~RMR*IV*064814805**18.69*18.69*0*PT*0~REF*PO*0048089087~DTM*999*20100818~RMR*IV*064944949**473.83*473.83*0*PT*0~REF*PO*0049018522~DTM*999*20100817~RMR*IV*064945072**667.38*667.38*0*PT*0~REF*PO*0049018635~DTM*999*20100818~RMR*IV*065890860**3.1*3.1*0*PT*0~REF*PO*0058095412~DTM*999*20100818~RMR*IV*066515176**256.19*256.19*0*PT*0~REF*PO*0065034680~DTM*999*20100817~RMR*IV*066515364**267.61*267.61*0*PT*0~REF*PO*0065034772~DTM*999*20100818~RMR*IV*066704204**74.33*74.33*0*PT*0~REF*PO*0067039355~DTM*999*20100817~RMR*IV*066704458**66.55*66.55*0*PT*0~REF*PO*0067039440~DTM*999*20100818~RMR*IV*066869147**212.34*212.34*0*PT*0~REF*PO*0068042262~DTM*999*20100817~RMR*IV*066869347**336.23*336.23*0*PT*0~REF*PO*0068042365~DTM*999*20100818~RMR*IV*068377652**126.46*126.46*0*PT*0~REF*PO*0083041387~DTM*999*20100817~RMR*IV*068377847**91.9*91.9*0*PT*0~REF*PO*0083041474~DTM*999*20100818~RMR*IV*068786715**349.93*349.93*0*PT*0~REF*PO*0087088198~DTM*999*20100817~RMR*IV*068786935**333.16*333.16*0*PT*0~REF*PO*0087088370~DTM*999*20100818~RMR*IV*100553285**68.76*68.76*0*PT*0~REF*PO*0005084288~DTM*999*20100817~RMR*IV*100553452**39.02*39.02*0*PT*0~REF*PO*0005084384~DTM*999*20100818~RMR*IV*101225635**670.28*670.28*0*PT*0~REF*PO*0012022076~DTM*999*20100817~RMR*IV*101225814**746.86*746.86*0*PT*0~REF*PO*0012022169~DTM*999*20100818~RMR*IV*101336444**412.2*412.2*0*PT*0~REF*PO*0013040141~DTM*999*20100817~RMR*IV*101336954**640.47*640.47*0*PT*0~REF*PO*0013040239~DTM*999*20100818~RMR*IV*102813057**831.59*831.59*0*PT*0~REF*PO*0028059940~DTM*999*20100817~RMR*IV*102813272**454.65*454.65*0*PT*0~REF*PO*0028060054~DTM*999*20100818~RMR*IV*103161181**381.13*381.13*0*PT*0~REF*PO*0031044831~DTM*999*20100817~RMR*IV*103161340**481.02*481.02*0*PT*0~REF*PO*0031044912~DTM*999*20100818~RMR*IV*104030087**480.86*480.86*0*PT*0~REF*PO*0040020828~DTM*999*20100817~RMR*IV*104030225**612.84*612.84*0*PT*0~REF*PO*0040020934~DTM*999*20100818~RMR*IV*105295051**663.96*663.96*0*PT*0~REF*PO*0052012303~DTM*999*20100817~RMR*IV*105295202**708.77*708.77*0*PT*0~REF*PO*0052012397~DTM*999*20100818~RMR*IV*105925201**11.85*11.85*0*PT*0~REF*PO*0059095687~DTM*999*20100817~RMR*IV*105925387**37.57*37.57*0*PT*0~REF*PO*0059095751~DTM*999*20100818~RMR*IV*106279347**168.17*168.17*0*PT*0~REF*PO*0062021147~DTM*999*20100817~RMR*IV*106279486**93.73*93.73*0*PT*0~REF*PO*0062021270~DTM*999*20100818~RMR*IV*108386490**486.43*486.43*0*PT*0~REF*PO*0083041541~DTM*999*20100817~RMR*IV*108386669**501.08*501.08*0*PT*0~REF*PO*0083041632~DTM*999*20100818~RMR*IV*108972066**100.96*100.96*0*PT*0~REF*PO*0089080062~DTM*999*20100817~RMR*IV*108972185**116.8*116.8*0*PT*0~REF*PO*0089080133~DTM*999*20100818~RMR*IV*184429391**66.77*66.77*0*PT*0~REF*PO*0044083446~DTM*999*20100817~RMR*IV*184429547**418.54*418.54*0*PT*0~REF*PO*0044083600~DTM*999*20100818~RMR*IV*184507795**51.83*51.83*0*PT*0~REF*PO*0045023602~DTM*999*20100817~RMR*IV*184507955**97.36*97.36*0*PT*0~REF*PO*0045023698~DTM*999*20100818~RMR*IV*185797068**176.63*176.63*0*PT*0~REF*PO*0057041362~DTM*999*20100817~RMR*IV*185797317**181*181*0*PT*0~REF*PO*0057041449~DTM*999*20100818~RMR*IV*185882179**28.94*28.94*0*PT*0~REF*PO*0058021794~DTM*999*20100817~RMR*IV*185882307**28.51*28.51*0*PT*0~REF*PO*0058021894~DTM*999*20100818~RMR*IV*500173**265*265*0*PT*0~REF*PO*0026031181~DTM*999*20100731~RMR*IV*661492629**265.06*265.06*0*PT*0~REF*PO*0014061261~DTM*999*20100817~RMR*IV*661492842**65.87*65.87*0*PT*0~REF*PO*0014061481~DTM*999*20100818~RMR*IV*661790683**25.29*25.29*0*PT*0~REF*PO*0017047420~DTM*999*20100817~RMR*IV*661790817**86*86*0*PT*0~REF*PO*0017047541~DTM*999*20100818~RMR*IV*662350164**894.86*894.86*0*PT*0~REF*PO*0023069881~DTM*999*20100817~RMR*IV*662350384**940.57*940.57*0*PT*0~REF*PO*0023069993~DTM*999*20100818~RMR*IV*662951817**141.41*141.41*0*PT*0~REF*PO*0029037680~DTM*999*20100817~RMR*IV*662952019**105.21*105.21*0*PT*0~REF*PO*0029037796~DTM*999*20100818~RMR*IV*663097661**159.31*159.31*0*PT*0~REF*PO*0030013964~DTM*999*20100817~RMR*IV*663097970**115.13*115.13*0*PT*0~REF*PO*0030014043~DTM*999*20100818~RMR*IV*663722850**300.53*300.53*0*PT*0~REF*PO*0037048295~DTM*999*20100817~RMR*IV*663723027**314.23*314.23*0*PT*0~REF*PO*0037048434~DTM*999*20100818~RMR*IV*663825260**802.68*802.68*0*PT*0~REF*PO*0038074481~DTM*999*20100817~RMR*IV*663825450**727.98*727.98*0*PT*0~REF*PO*0038074569~DTM*999*20100818~RMR*IV*664021490**538.19*538.19*0*PT*0~REF*PO*0040072634~DTM*999*20100817~RMR*IV*664021613**624.1*624.1*0*PT*0~REF*PO*0040072707~DTM*999*20100818~RMR*IV*664548793**165.63*165.63*0*PT*0~REF*PO*0045009132~DTM*999*20100817~RMR*IV*664548954**254.73*254.73*0*PT*0~REF*PO*0045009252~DTM*999*20100818~RMR*IV*665101750**424.69*424.69*0*PT*0~REF*PO*0051037847~DTM*999*20100817~RMR*IV*665101883**357.48*357.48*0*PT*0~REF*PO*0051037937~DTM*999*20100818~RMR*IV*665472162**84.72*84.72*0*PT*0~REF*PO*0054009307~DTM*999*20100817~RMR*IV*665472284**32.94*32.94*0*PT*0~REF*PO*0054009449~DTM*999*20100818~RMR*IV*666183263**4.65*4.65*0*PT*0~REF*PO*0061034824~DTM*999*20100817~RMR*IV*666284283**911.04*911.04*0*PT*0~REF*PO*0062097030~DTM*999*20100817~RMR*IV*666284541**1026.67*1026.67*0*PT*0~REF*PO*0062097154~DTM*999*20100818~RMR*IV*666358441**56.2*56.2*0*PT*0~REF*PO*0063001046~DTM*999*20100817~RMR*IV*666358541**31.36*31.36*0*PT*0~REF*PO*0063001139~DTM*999*20100818~RMR*IV*667099646**21.78*21.78*0*PT*0~REF*PO*0070041519~DTM*999*20100817~RMR*IV*667099765**19.73*19.73*0*PT*0~REF*PO*0070041611~DTM*999*20100818~RMR*IV*667324407**42.84*42.84*0*PT*0~REF*PO*0073053160~DTM*999*20100817~RMR*IV*667324575**78.94*78.94*0*PT*0~REF*PO*0073053281~DTM*999*20100818~RMR*IV*668155266**378.93*378.93*0*PT*0~REF*PO*0081041677~DTM*999*20100817~RMR*IV*668155349**281.8*281.8*0*PT*0~REF*PO*0081041820~DTM*999*20100818~RMR*IV*668352446**183.56*183.56*0*PT*0~REF*PO*0083008205~DTM*999*20100817~RMR*IV*668352642**144.19*144.19*0*PT*0~REF*PO*0083008313~DTM*999*20100818~RMR*IV*683405386**139.56*139.56*0*PT*0~REF*PO*0034043871~DTM*999*20100817~RMR*IV*683405559**101.43*101.43*0*PT*0~REF*PO*0034043941~DTM*999*20100818~RMR*IV*687470178**47.26*47.26*0*PT*0~REF*PO*0074099522~DTM*999*20100817~RMR*IV*687470292**77.06*77.06*0*PT*0~REF*PO*0074099599~DTM*999*20100818~RMR*IV*687688582**422.52*422.52*0*PT*0~REF*PO*0076019424~DTM*999*20100817~RMR*IV*687688782**414.93*414.93*0*PT*0~REF*PO*0076019545~DTM*999*20100818~RMR*IV*688353588**116.42*116.42*0*PT*0~REF*PO*0083090613~DTM*999*20100817~RMR*IV*688353672**186.71*186.71*0*PT*0~REF*PO*0083090728~DTM*999*20100818~RMR*IV*688462653**349.92*349.92*0*PT*0~REF*PO*0084079689~DTM*999*20100817~RMR*IV*688462844**340.77*340.77*0*PT*0~REF*PO*0084079889~DTM*999*20100818~RMR*IV*696031843**221.8*221.8*0*PT*0~REF*PO*0060060467~DTM*999*20100817~RMR*IV*696032032**103.99*103.99*0*PT*0~REF*PO*0060060545~DTM*999*20100818~RMR*IV*697199699**108.67*108.67*0*PT*0~REF*PO*0071021856~DTM*999*20100817~RMR*IV*697199850**94.56*94.56*0*PT*0~REF*PO*0071021937~DTM*999*20100818~RMR*IV*697273630**67.14*67.14*0*PT*0~REF*PO*0072052554~DTM*999*20100817~RMR*IV*697273741**116.85*116.85*0*PT*0~REF*PO*0072052725~DTM*999*20100818~RMR*IV*846376219**32.25*32.25*0*PT*0~REF*PO*0063003428~DTM*999*20100817~RMR*IV*846376358**5.94*5.94*0*PT*0~REF*PO*0063003529~DTM*999*20100818~RMR*IV*852622833**27.51*27.51*0*PT*0~REF*PO*0026032473~DTM*999*20100817~RMR*IV*852623003**122.68*122.68*0*PT*0~REF*PO*0026032555~DTM*999*20100818~RMR*IV*898720755**361.74*361.74*0*PT*0~REF*PO*0087090497~DTM*999*20100817~RMR*IV*898721054**271.57*271.57*0*PT*0~REF*PO*0087090689~DTM*999*20100818~SE*701*2718~GE*1*2718~IEA*1*000002728~