ISA*00*          *00*          *14*072271711USAP  *01*148468275      *100830*0728*^*00406*000002727*1*P*>~GS*RA*072271711USAP*148468275*20100830*0728*2717*X*004060~ST*820*2717~BPR*I*73635.49*C*CHK*PBC~TRN*1*2005467745~CUR*BY*USD~REF*ZZ*0001881139~DTM*020*20100830~N1*PE*COLORAMA WHOLESALE NURSERY~REF*VR*187714~N1*PR*HOME DEPOT U.S.A., INC.~ENT*1~RMR*OS*06108568**-16.86*-16.86*0*CM*0~REF*PO*CONSIGNM~DTM*999*20100825~RMR*OS*06180310**-2.56*-2.56*0*CM*0~REF*PO*CONSIGNM~DTM*999*20100825~RMR*OS*06180448**-2.9*-2.9*0*CM*0~REF*PO*CONSIGNM~DTM*999*20100827~RMR*OS*06386785**-7.65*-7.65*0*CM*0~REF*PO*CONSIGNM~DTM*999*20100826~RMR*OS*06386804**-13.86*-13.86*0*CM*0~REF*PO*CONSIGNM~DTM*999*20100827~RMR*OS*06451669**-5.34*-5.34*0*CM*0~REF*PO*CONSIGNM~DTM*999*20100825~RMR*OS*06451687**-3.68*-3.68*0*CM*0~REF*PO*CONSIGNM~DTM*999*20100826~RMR*OS*06451709**-1.78*-1.78*0*CM*0~REF*PO*CONSIGNM~DTM*999*20100827~RMR*OS*06489661**-24*-24*0*CM*0~REF*PO*CONSIGNM~DTM*999*20100827~RMR*OS*06491821**-6.01*-6.01*0*CM*0~REF*PO*CONSIGNM~DTM*999*20100825~RMR*OS*06491854**-32.04*-32.04*0*CM*0~REF*PO*CONSIGNM~DTM*999*20100826~RMR*OS*06491891**-20.2*-20.2*0*CM*0~REF*PO*CONSIGNM~DTM*999*20100827~RMR*OS*06654193**-67.53*-67.53*0*CM*0~REF*PO*CONSIGNM~DTM*999*20100825~RMR*OS*06654216**-3.59*-3.59*0*CM*0~REF*PO*CONSIGNM~DTM*999*20100826~RMR*OS*06654229**-27.63*-27.63*0*CM*0~REF*PO*CONSIGNM~DTM*999*20100827~RMR*OS*06672881**-17.8*-17.8*0*CM*0~REF*PO*CONSIGNM~DTM*999*20100827~RMR*OS*06689185**-4.5*-4.5*0*CM*0~REF*PO*CONSIGNM~DTM*999*20100825~RMR*OS*06689212**-36.18*-36.18*0*CM*0~REF*PO*CONSIGNM~DTM*999*20100826~RMR*OS*06833203**-6.11*-6.11*0*CM*0~REF*PO*CONSIGNM~DTM*999*20100826~RMR*OS*06833246**-4.34*-4.34*0*CM*0~REF*PO*CONSIGNM~DTM*999*20100827~RMR*OS*06874831**-29.88*-29.88*0*CM*0~REF*PO*CONSIGNM~DTM*999*20100825~RMR*OS*06874852**-36.13*-36.13*0*CM*0~REF*PO*CONSIGNM~DTM*999*20100826~RMR*OS*10125748**-6.55*-6.55*0*CM*0~REF*PO*CONSIGNM~DTM*999*20100825~RMR*OS*10125797**-11.57*-11.57*0*CM*0~REF*PO*CONSIGNM~DTM*999*20100827~RMR*OS*10133946**-31.98*-31.98*0*CM*0~REF*PO*CONSIGNM~DTM*999*20100825~RMR*OS*10133976**-12.46*-12.46*0*CM*0~REF*PO*CONSIGNM~DTM*999*20100826~RMR*OS*10134011**-53.89*-53.89*0*CM*0~REF*PO*CONSIGNM~DTM*999*20100827~RMR*OS*10283517**-33.83*-33.83*0*CM*0~REF*PO*CONSIGNM~DTM*999*20100825~RMR*OS*10283555**-9.24*-9.24*0*CM*0~REF*PO*CONSIGNM~DTM*999*20100826~RMR*OS*10283593**-11.5*-11.5*0*CM*0~REF*PO*CONSIGNM~DTM*999*20100827~RMR*OS*10318730**-19.98*-19.98*0*CM*0~REF*PO*CONSIGNM~DTM*999*20100825~RMR*OS*10318763**-7.47*-7.47*0*CM*0~REF*PO*CONSIGNM~DTM*999*20100827~RMR*OS*10402071**-21.3*-21.3*0*CM*0~REF*PO*CONSIGNM~DTM*999*20100826~RMR*OS*10402102**-18.66*-18.66*0*CM*0~REF*PO*CONSIGNM~DTM*999*20100827~RMR*OS*10521692**-31.96*-31.96*0*CM*0~REF*PO*CONSIGNM~DTM*999*20100825~RMR*OS*10521726**-9.02*-9.02*0*CM*0~REF*PO*CONSIGNM~DTM*999*20100826~RMR*OS*10521742**-2.25*-2.25*0*CM*0~REF*PO*CONSIGNM~DTM*999*20100827~RMR*OS*10590206**-11.63*-11.63*0*CM*0~REF*PO*CONSIGNM~DTM*999*20100826~RMR*OS*10616928**-3.56*-3.56*0*CM*0~REF*PO*CONSIGNM~DTM*999*20100827~RMR*OS*10621704**-4.5*-4.5*0*CM*0~REF*PO*CONSIGNM~DTM*999*20100826~RMR*OS*10621755**-2.55*-2.55*0*CM*0~REF*PO*CONSIGNM~DTM*999*20100827~RMR*OS*10834388**-4.33*-4.33*0*CM*0~REF*PO*CONSIGNM~DTM*999*20100825~RMR*OS*10834432**-63.65*-63.65*0*CM*0~REF*PO*CONSIGNM~DTM*999*20100827~RMR*OS*10848970**-12.63*-12.63*0*CM*0~REF*PO*CONSIGNM~DTM*999*20100825~RMR*OS*10899441**-18.3*-18.3*0*CM*0~REF*PO*CONSIGNM~DTM*999*20100825~RMR*OS*10899449**-17.12*-17.12*0*CM*0~REF*PO*CONSIGNM~DTM*999*20100826~RMR*OS*10899456**-120.43*-120.43*0*CM*0~REF*PO*CONSIGNM~DTM*999*20100827~RMR*OS*18445402**-26.37*-26.37*0*CM*0~REF*PO*CONSIGNM~DTM*999*20100825~RMR*OS*18445422**-14.82*-14.82*0*CM*0~REF*PO*CONSIGNM~DTM*999*20100826~RMR*OS*18445435**-69.55*-69.55*0*CM*0~REF*PO*CONSIGNM~DTM*999*20100827~RMR*OS*18458318**-2.55*-2.55*0*CM*0~REF*PO*CONSIGNM~DTM*999*20100825~RMR*OS*18458400**-6.97*-6.97*0*CM*0~REF*PO*CONSIGNM~DTM*999*20100827~RMR*OS*18579842**-11.07*-11.07*0*CM*0~REF*PO*CONSIGNM~DTM*999*20100826~RMR*OS*18579878**-17.42*-17.42*0*CM*0~REF*PO*CONSIGNM~DTM*999*20100827~RMR*OS*66102016**-2.56*-2.56*0*CM*0~REF*PO*CONSIGNM~DTM*999*20100826~RMR*OS*66102076**-18.14*-18.14*0*CM*0~REF*PO*CONSIGNM~DTM*999*20100827~RMR*OS*66117834**-2.55*-2.55*0*CM*0~REF*PO*CONSIGNM~DTM*999*20100826~RMR*OS*66141879**-20.62*-20.62*0*CM*0~REF*PO*CONSIGNM~DTM*999*20100827~RMR*OS*66166468**-8.09*-8.09*0*CM*0~REF*PO*CONSIGNM~DTM*999*20100827~RMR*OS*66179181**-24*-24*0*CM*0~REF*PO*CONSIGNM~DTM*999*20100825~RMR*OS*66179247**-5*-5*0*CM*0~REF*PO*CONSIGNM~DTM*999*20100826~RMR*OS*66179282**-2.55*-2.55*0*CM*0~REF*PO*CONSIGNM~DTM*999*20100827~RMR*OS*66232354**-4.5*-4.5*0*CM*0~REF*PO*CONSIGNM~DTM*999*20100825~RMR*OS*66232376**-4.65*-4.65*0*CM*0~REF*PO*6623HJ~DTM*999*20100825~RMR*OS*66232426**-21.5*-21.5*0*CM*0~REF*PO*CONSIGNM~DTM*999*20100827~RMR*OS*66292286**-66.99*-66.99*0*CM*0~REF*PO*CONSIGNM~DTM*999*20100825~RMR*OS*66292365**-25.2*-25.2*0*CM*0~REF*PO*CONSIGNM~DTM*999*20100826~RMR*OS*66292442**-23.96*-23.96*0*CM*0~REF*PO*CONSIGNM~DTM*999*20100827~RMR*OS*66304722**-13.5*-13.5*0*CM*0~REF*PO*CONSIGNM~DTM*999*20100825~RMR*OS*66304749**-13.16*-13.16*0*CM*0~REF*PO*CONSIGNM~DTM*999*20100826~RMR*OS*66371383**-23.04*-23.04*0*CM*0~REF*PO*CONSIGNM~DTM*999*20100825~RMR*OS*66371431**-57.28*-57.28*0*CM*0~REF*PO*CONSIGNM~DTM*999*20100826~RMR*OS*66371481**-2.55*-2.55*0*CM*0~REF*PO*CONSIGNM~DTM*999*20100827~RMR*OS*66388934**-15.32*-15.32*0*CM*0~REF*PO*CONSIGNM~DTM*999*20100825~RMR*OS*66388950**-72.6*-72.6*0*CM*0~REF*PO*CONSIGNM~DTM*999*20100826~RMR*OS*66404652**-20.22*-20.22*0*CM*0~REF*PO*CONSIGNM~DTM*999*20100825~RMR*OS*66404697**-37.25*-37.25*0*CM*0~REF*PO*CONSIGNM~DTM*999*20100826~RMR*OS*66404728**-82.78*-82.78*0*CM*0~REF*PO*CONSIGNM~DTM*999*20100827~RMR*OS*66459585**-14.88*-14.88*0*CM*0~REF*PO*CONSIGNM~DTM*999*20100826~RMR*OS*66518004**-39.92*-39.92*0*CM*0~REF*PO*CONSIGNM~DTM*999*20100825~RMR*OS*66518036**-13.36*-13.36*0*CM*0~REF*PO*CONSIGNM~DTM*999*20100826~RMR*OS*66518073**-42.4*-42.4*0*CM*0~REF*PO*CONSIGNM~DTM*999*20100827~RMR*OS*66543855**-5*-5*0*CM*0~REF*PO*CONSIGNM~DTM*999*20100826~RMR*OS*66543889**-13.1*-13.1*0*CM*0~REF*PO*CONSIGNM~DTM*999*20100827~RMR*OS*66618710**-4.65*-4.65*0*CM*0~REF*PO*CONSIGNM~DTM*999*20100826~RMR*OS*66626173**-35.83*-35.83*0*CM*0~REF*PO*CONSIGNM~DTM*999*20100825~RMR*OS*66626210**-44.81*-44.81*0*CM*0~REF*PO*CONSIGNM~DTM*999*20100826~RMR*OS*66626260**-2.55*-2.55*0*CM*0~REF*PO*CONSIGNM~DTM*999*20100827~RMR*OS*66814406**-12.88*-12.88*0*CM*0~REF*PO*CONSIGNM~DTM*999*20100825~RMR*OS*66814418**-16.2*-16.2*0*CM*0~REF*PO*CONSIGNM~DTM*999*20100826~RMR*OS*66814433**-2.25*-2.25*0*CM*0~REF*PO*CONSIGNM~DTM*999*20100827~RMR*OS*66832302**-27.16*-27.16*0*CM*0~REF*PO*CONSIGNM~DTM*999*20100825~RMR*OS*66832362**-25.82*-25.82*0*CM*0~REF*PO*CONSIGNM~DTM*999*20100827~RMR*OS*68342273**-35.27*-35.27*0*CM*0~REF*PO*CONSIGNM~DTM*999*20100825~RMR*OS*68342300**-5.5*-5.5*0*CM*0~REF*PO*CONSIGNM~DTM*999*20100826~RMR*OS*68768291**-43.36*-43.36*0*CM*0~REF*PO*CONSIGNM~DTM*999*20100825~RMR*OS*68768317**-2.17*-2.17*0*CM*0~REF*PO*CONSIGNM~DTM*999*20100826~RMR*OS*68838501**-5.12*-5.12*0*CM*0~REF*PO*CONSIGNM~DTM*999*20100827~RMR*OS*68841427**-5.34*-5.34*0*CM*0~REF*PO*CONSIGNM~DTM*999*20100825~RMR*OS*68841446**-35.8*-35.8*0*CM*0~REF*PO*CONSIGNM~DTM*999*20100826~RMR*OS*68841470**-48*-48*0*CM*0~REF*PO*CONSIGNM~DTM*999*20100827~RMR*OS*69605619**-15.56*-15.56*0*CM*0~REF*PO*CONSIGNM~DTM*999*20100825~RMR*OS*69716207**-21.96*-21.96*0*CM*0~REF*PO*CONSIGNM~DTM*999*20100826~RMR*OS*69729586**-4.41*-4.41*0*CM*0~REF*PO*CONSIGNM~DTM*999*20100825~RMR*OS*69729607**-1.9*-1.9*0*CM*0~REF*PO*CONSIGNM~DTM*999*20100827~RMR*OS*84635921**-27*-27*0*CM*0~REF*PO*CONSIGNM~DTM*999*20100825~RMR*OS*85262386**-18*-18*0*CM*0~REF*PO*CONSIGNM~DTM*999*20100825~RMR*OS*85262410**-1.78*-1.78*0*CM*0~REF*PO*CONSIGNM~DTM*999*20100826~RMR*OS*89883975**-2.49*-2.49*0*CM*0~REF*PO*CONSIGNM~DTM*999*20100827~RMR*IV*061000678**313.09*313.09*0*PT*0~REF*PO*0010038445~DTM*999*20100814~RMR*IV*061000703**328.92*328.92*0*PT*0~REF*PO*0010038602~DTM*999*20100815~RMR*IV*061000966**105.15*105.15*0*PT*0~REF*PO*0010038709~DTM*999*20100816~RMR*IV*061189884**16.45*16.45*0*PT*0~REF*PO*0011050926~DTM*999*20100814~RMR*IV*061189903**63.21*63.21*0*PT*0~REF*PO*0011051065~DTM*999*20100815~RMR*IV*061190085**17.82*17.82*0*PT*0~REF*PO*0011051167~DTM*999*20100816~RMR*IV*061828620**379.99*379.99*0*PT*0~REF*PO*0018040720~DTM*999*20100814~RMR*IV*061828661**98.93*98.93*0*PT*0~REF*PO*0018040872~DTM*999*20100815~RMR*IV*061828803**153.5*153.5*0*PT*0~REF*PO*0018040993~DTM*999*20100816~RMR*IV*063852058**174.38*174.38*0*PT*0~REF*PO*0038092685~DTM*999*20100814~RMR*IV*063852075**127.3*127.3*0*PT*0~REF*PO*0038092828~DTM*999*20100815~RMR*IV*063852217**109.66*109.66*0*PT*0~REF*PO*0038093005~DTM*999*20100816~RMR*IV*064501205**825.49*825.49*0*PT*0~REF*PO*0045012377~DTM*999*20100814~RMR*IV*064501225**379.53*379.53*0*PT*0~REF*PO*0045012487~DTM*999*20100815~RMR*IV*064501572**242.94*242.94*0*PT*0~REF*PO*0045012596~DTM*999*20100816~RMR*IV*064702165**2.17*2.17*0*PT*0~REF*PO*0047081961~DTM*999*20100816~RMR*IV*064814313**113.88*113.88*0*PT*0~REF*PO*0048088474~DTM*999*20100814~RMR*IV*064814335**67.5*67.5*0*PT*0~REF*PO*0048088635~DTM*999*20100815~RMR*IV*064814538**56.63*56.63*0*PT*0~REF*PO*0048088783~DTM*999*20100816~RMR*IV*064944662**1331.92*1331.92*0*PT*0~REF*PO*0049018170~DTM*999*20100814~RMR*IV*064944682**1016.16*1016.16*0*PT*0~REF*PO*0049018284~DTM*999*20100815~RMR*IV*064944806**712.4*712.4*0*PT*0~REF*PO*0049018409~DTM*999*20100816~RMR*IV*065337943**3.74*3.74*0*PT*0~REF*PO*0053093267~DTM*999*20100814~RMR*IV*066514742**545.34*545.34*0*PT*0~REF*PO*0065034323~DTM*999*20100814~RMR*IV*066514761**372.44*372.44*0*PT*0~REF*PO*0065034425~DTM*999*20100815~RMR*IV*066514999**109.76*109.76*0*PT*0~REF*PO*0065034559~DTM*999*20100816~RMR*IV*066703853**259.07*259.07*0*PT*0~REF*PO*0067038987~DTM*999*20100814~RMR*IV*066703870**160.32*160.32*0*PT*0~REF*PO*0067039102~DTM*999*20100815~RMR*IV*066703993**140.77*140.77*0*PT*0~REF*PO*0067039247~DTM*999*20100816~RMR*IV*066868736**602.09*602.09*0*PT*0~REF*PO*0068041887~DTM*999*20100814~RMR*IV*066868770**403.36*403.36*0*PT*0~REF*PO*0068042010~DTM*999*20100815~RMR*IV*066869002**354.68*354.68*0*PT*0~REF*PO*0068042158~DTM*999*20100816~RMR*IV*068377259**496.31*496.31*0*PT*0~REF*PO*0083041079~DTM*999*20100814~RMR*IV*068377279**281.51*281.51*0*PT*0~REF*PO*0083041178~DTM*999*20100815~RMR*IV*068377400**239.6*239.6*0*PT*0~REF*PO*0083041287~DTM*999*20100816~RMR*IV*068786351**734.92*734.92*0*PT*0~REF*PO*0087087671~DTM*999*20100814~RMR*IV*068786377**687.6*687.6*0*PT*0~REF*PO*0087087870~DTM*999*20100815~RMR*IV*068786541**448.98*448.98*0*PT*0~REF*PO*0087088060~DTM*999*20100816~RMR*IV*100552979**144.65*144.65*0*PT*0~REF*PO*0005083912~DTM*999*20100814~RMR*IV*100553004**28.34*28.34*0*PT*0~REF*PO*0005084056~DTM*999*20100815~RMR*IV*100553177**24.88*24.88*0*PT*0~REF*PO*0005084183~DTM*999*20100816~RMR*IV*101225316**1327.07*1327.07*0*PT*0~REF*PO*0012021721~DTM*999*20100814~RMR*IV*101225348**1432.08*1432.08*0*PT*0~REF*PO*0012021835~DTM*999*20100815~RMR*IV*101225494**623.75*623.75*0*PT*0~REF*PO*0012021952~DTM*999*20100816~RMR*IV*101336051**1184.36*1184.36*0*PT*0~REF*PO*0013039821~DTM*999*20100814~RMR*IV*101336076**1194.79*1194.79*0*PT*0~REF*PO*0013039926~DTM*999*20100815~RMR*IV*101336359**712.39*712.39*0*PT*0~REF*PO*0013040045~DTM*999*20100816~RMR*IV*102812660**1322.23*1322.23*0*PT*0~REF*PO*0028059555~DTM*999*20100814~RMR*IV*102812696**1132.66*1132.66*0*PT*0~REF*PO*0028059660~DTM*999*20100815~RMR*IV*102812796**806.28*806.28*0*PT*0~REF*PO*0028059812~DTM*999*20100816~RMR*IV*103160888**867.13*867.13*0*PT*0~REF*PO*0031044443~DTM*999*20100814~RMR*IV*103160912**672.84*672.84*0*PT*0~REF*PO*0031044572~DTM*999*20100815~RMR*IV*103161032**299.59*299.59*0*PT*0~REF*PO*0031044719~DTM*999*20100816~RMR*IV*104029679**1375.88*1375.88*0*PT*0~REF*PO*0040020417~DTM*999*20100814~RMR*IV*104029711**1051.09*1051.09*0*PT*0~REF*PO*0040020549~DTM*999*20100815~RMR*IV*104029852**503.67*503.67*0*PT*0~REF*PO*0040020709~DTM*999*20100816~RMR*IV*105294692**1395.85*1395.85*0*PT*0~REF*PO*0052011896~DTM*999*20100814~RMR*IV*105294722**975.59*975.59*0*PT*0~REF*PO*0052012062~DTM*999*20100815~RMR*IV*105294827**463.58*463.58*0*PT*0~REF*PO*0052012201~DTM*999*20100816~RMR*IV*105924854**57.91*57.91*0*PT*0~REF*PO*0059095334~DTM*999*20100814~RMR*IV*105924868**77.56*77.56*0*PT*0~REF*PO*0059095438~DTM*999*20100815~RMR*IV*105924985**24.92*24.92*0*PT*0~REF*PO*0059095583~DTM*999*20100816~RMR*IV*106154051**4.34*4.34*0*PT*0~REF*PO*0061076453~DTM*999*20100815~RMR*IV*106279011**235.9*235.9*0*PT*0~REF*PO*0062020658~DTM*999*20100814~RMR*IV*106279051**141.7*141.7*0*PT*0~REF*PO*0062020820~DTM*999*20100815~RMR*IV*106279184**82.9*82.9*0*PT*0~REF*PO*0062021014~DTM*999*20100816~RMR*IV*108385996**1420.32*1420.32*0*PT*0~REF*PO*0083041191~DTM*999*20100814~RMR*IV*108386019**1088.26*1088.26*0*PT*0~REF*PO*0083041302~DTM*999*20100815~RMR*IV*108386333**401.16*401.16*0*PT*0~REF*PO*0083041442~DTM*999*20100816~RMR*IV*108971866**353.09*353.09*0*PT*0~REF*PO*0089079758~DTM*999*20100814~RMR*IV*108971878**261.8*261.8*0*PT*0~REF*PO*0089079853~DTM*999*20100815~RMR*IV*108971948**143.95*143.95*0*PT*0~REF*PO*0089079964~DTM*999*20100816~RMR*IV*184429016**430.49*430.49*0*PT*0~REF*PO*0044083040~DTM*999*20100814~RMR*IV*184429034**380.92*380.92*0*PT*0~REF*PO*0044083164~DTM*999*20100815~RMR*IV*184429231**243.35*243.35*0*PT*0~REF*PO*0044083323~DTM*999*20100816~RMR*IV*184507462**106.56*106.56*0*PT*0~REF*PO*0045023237~DTM*999*20100814~RMR*IV*184507496**153.26*153.26*0*PT*0~REF*PO*0045023361~DTM*999*20100815~RMR*IV*184507652**85.74*85.74*0*PT*0~REF*PO*0045023498~DTM*999*20100816~RMR*IV*185796474**360.45*360.45*0*PT*0~REF*PO*0057041031~DTM*999*20100814~RMR*IV*185796494**300.27*300.27*0*PT*0~REF*PO*0057041160~DTM*999*20100815~RMR*IV*185796937**150.31*150.31*0*PT*0~REF*PO*0057041271~DTM*999*20100816~RMR*IV*185881959**34.27*34.27*0*PT*0~REF*PO*0058021438~DTM*999*20100814~RMR*IV*185882096**34.12*34.12*0*PT*0~REF*PO*0058021692~DTM*999*20100816~RMR*IV*499346**682.76*682.76*0*PT*0~REF*PO*0060996437~DTM*999*20100730~RMR*IV*499349**682.76*682.76*0*PT*0~REF*PO*0069996437~DTM*999*20100730~RMR*IV*499352**341.38*341.38*0*PT*0~REF*PO*0079996437~DTM*999*20100730~RMR*IV*499354**341.38*341.38*0*PT*0~REF*PO*0018996437~DTM*999*20100730~RMR*IV*499356**341.38*341.38*0*PT*0~REF*PO*0074996437~DTM*999*20100730~RMR*IV*499362**341.38*341.38*0*PT*0~REF*PO*0012996437~DTM*999*20100730~RMR*IV*499365**341.38*341.38*0*PT*0~REF*PO*0056996437~DTM*999*20100730~RMR*IV*499367**682.76*682.76*0*PT*0~REF*PO*0053996437~DTM*999*20100730~RMR*IV*499371**341.38*341.38*0*PT*0~REF*PO*0049996437~DTM*999*20100730~RMR*IV*499784**341.38*341.38*0*PT*0~REF*PO*0079996437~DTM*999*20100730~RMR*IV*500171**79.5*79.5*0*PT*0~REF*PO*0045011297~DTM*999*20100731~RMR*IV*661492328**511.06*511.06*0*PT*0~REF*PO*0014060684~DTM*999*20100814~RMR*IV*661492354**310.01*310.01*0*PT*0~REF*PO*0014060848~DTM*999*20100815~RMR*IV*661492480**199.36*199.36*0*PT*0~REF*PO*0014061011~DTM*999*20100816~RMR*IV*661790321**208.99*208.99*0*PT*0~REF*PO*0017046992~DTM*999*20100814~RMR*IV*661790346**92.43*92.43*0*PT*0~REF*PO*0017047131~DTM*999*20100815~RMR*IV*661790471**66.55*66.55*0*PT*0~REF*PO*0017047288~DTM*999*20100816~RMR*IV*662349885**1590.36*1590.36*0*PT*0~REF*PO*0023069504~DTM*999*20100814~RMR*IV*662349908**1188.17*1188.17*0*PT*0~REF*PO*0023069608~DTM*999*20100815~RMR*IV*662350031**907.5*907.5*0*PT*0~REF*PO*0023069729~DTM*999*20100816~RMR*IV*662951323**480.34*480.34*0*PT*0~REF*PO*0029037294~DTM*999*20100814~RMR*IV*662951358**396.8*396.8*0*PT*0~REF*PO*0029037431~DTM*999*20100815~RMR*IV*662951543**226.33*226.33*0*PT*0~REF*PO*0029037568~DTM*999*20100816~RMR*IV*663097426**273.74*273.74*0*PT*0~REF*PO*0030013675~DTM*999*20100814~RMR*IV*663097441**201.88*201.88*0*PT*0~REF*PO*0030013776~DTM*999*20100815~RMR*IV*663097587**199.87*199.87*0*PT*0~REF*PO*0030013878~DTM*999*20100816~RMR*IV*663722435**399.65*399.65*0*PT*0~REF*PO*0037047814~DTM*999*20100814~RMR*IV*663722460**347.13*347.13*0*PT*0~REF*PO*0037047955~DTM*999*20100815~RMR*IV*663722679**163.68*163.68*0*PT*0~REF*PO*0037048139~DTM*999*20100816~RMR*IV*663825008**1393.79*1393.79*0*PT*0~REF*PO*0038074107~DTM*999*20100814~RMR*IV*663825028**949.15*949.15*0*PT*0~REF*PO*0038074230~DTM*999*20100815~RMR*IV*663825137**659.93*659.93*0*PT*0~REF*PO*0038074369~DTM*999*20100816~RMR*IV*664021227**1987.8*1987.8*0*PT*0~REF*PO*0040072246~DTM*999*20100814~RMR*IV*664021264**1504.22*1504.22*0*PT*0~REF*PO*0040072401~DTM*999*20100815~RMR*IV*664021400**685.12*685.12*0*PT*0~REF*PO*0040072522~DTM*999*20100816~RMR*IV*664548297**723.98*723.98*0*PT*0~REF*PO*0045008734~DTM*999*20100814~RMR*IV*664548316**282.65*282.65*0*PT*0~REF*PO*0045008856~DTM*999*20100815~RMR*IV*664548566**347.52*347.52*0*PT*0~REF*PO*0045009020~DTM*999*20100816~RMR*IV*665101478**610.03*610.03*0*PT*0~REF*PO*0051037474~DTM*999*20100814~RMR*IV*665101508**495.47*495.47*0*PT*0~REF*PO*0051037590~DTM*999*20100815~RMR*IV*665101607**483.09*483.09*0*PT*0~REF*PO*0051037726~DTM*999*20100816~RMR*IV*665471850**134.09*134.09*0*PT*0~REF*PO*0054008863~DTM*999*20100814~RMR*IV*665471873**153.26*153.26*0*PT*0~REF*PO*0054008987~DTM*999*20100815~RMR*IV*665471998**151.31*151.31*0*PT*0~REF*PO*0054009164~DTM*999*20100816~RMR*IV*666283914**2047.87*2047.87*0*PT*0~REF*PO*0062096438~DTM*999*20100814~RMR*IV*666283948**1792.5*1792.5*0*PT*0~REF*PO*0062096638~DTM*999*20100815~RMR*IV*666284119**1059.88*1059.88*0*PT*0~REF*PO*0062096849~DTM*999*20100816~RMR*IV*666358073**44.64*44.64*0*PT*0~REF*PO*0063000696~DTM*999*20100814~RMR*IV*666358096**96.29*96.29*0*PT*0~REF*PO*0063000813~DTM*999*20100815~RMR*IV*666358238**40.6*40.6*0*PT*0~REF*PO*0063000936~DTM*999*20100816~RMR*IV*666876352**5.1*5.1*0*PT*0~REF*PO*0068086217~DTM*999*20100814~RMR*IV*667099378**40.42*40.42*0*PT*0~REF*PO*0070041182~DTM*999*20100814~RMR*IV*667099397**43.05*43.05*0*PT*0~REF*PO*0070041313~DTM*999*20100815~RMR*IV*667099556**20.41*20.41*0*PT*0~REF*PO*0070041429~DTM*999*20100816~RMR*IV*667324002**120.3*120.3*0*PT*0~REF*PO*0073052794~DTM*999*20100814~RMR*IV*667324037**183.59*183.59*0*PT*0~REF*PO*0073052924~DTM*999*20100815~RMR*IV*667324222**77.7*77.7*0*PT*0~REF*PO*0073053055~DTM*999*20100816~RMR*IV*668154972**659.59*659.59*0*PT*0~REF*PO*0081041323~DTM*999*20100814~RMR*IV*668154988**758.65*758.65*0*PT*0~REF*PO*0081041441~DTM*999*20100815~RMR*IV*668155061**301.68*301.68*0*PT*0~REF*PO*0081041573~DTM*999*20100816~RMR*IV*668352019**420.16*420.16*0*PT*0~REF*PO*0083007856~DTM*999*20100814~RMR*IV*668352047**234.62*234.62*0*PT*0~REF*PO*0083007972~DTM*999*20100815~RMR*IV*668352274**144.02*144.02*0*PT*0~REF*PO*0083008100~DTM*999*20100816~RMR*IV*683405037**166.38*166.38*0*PT*0~REF*PO*0034043593~DTM*999*20100814~RMR*IV*683405057**365.25*365.25*0*PT*0~REF*PO*0034043692~DTM*999*20100815~RMR*IV*683405193**166.37*166.37*0*PT*0~REF*PO*0034043798~DTM*999*20100816~RMR*IV*687469793**90.98*90.98*0*PT*0~REF*PO*0074099224~DTM*999*20100814~RMR*IV*687469814**86.97*86.97*0*PT*0~REF*PO*0074099320~DTM*999*20100815~RMR*IV*687469975**54.82*54.82*0*PT*0~REF*PO*0074099433~DTM*999*20100816~RMR*IV*687688192**827.06*827.06*0*PT*0~REF*PO*0076019082~DTM*999*20100814~RMR*IV*687688211**363.65*363.65*0*PT*0~REF*PO*0076019206~DTM*999*20100815~RMR*IV*687688451**148.96*148.96*0*PT*0~REF*PO*0076019324~DTM*999*20100816~RMR*IV*688353294**181.37*181.37*0*PT*0~REF*PO*0083090259~DTM*999*20100814~RMR*IV*688353313**187.65*187.65*0*PT*0~REF*PO*0083090380~DTM*999*20100815~RMR*IV*688353400**106.64*106.64*0*PT*0~REF*PO*0083090498~DTM*999*20100816~RMR*IV*688462202**872.2*872.2*0*PT*0~REF*PO*0084079123~DTM*999*20100814~RMR*IV*688462223**598.64*598.64*0*PT*0~REF*PO*0084079316~DTM*999*20100815~RMR*IV*688462488**319.66*319.66*0*PT*0~REF*PO*0084079525~DTM*999*20100816~RMR*IV*696031352**406.33*406.33*0*PT*0~REF*PO*0060060165~DTM*999*20100814~RMR*IV*696031370**328.93*328.93*0*PT*0~REF*PO*0060060268~DTM*999*20100815~RMR*IV*696031490**92.12*92.12*0*PT*0~REF*PO*0060060364~DTM*999*20100816~RMR*IV*696369445**2.5*2.5*0*PT*0~REF*PO*0063072234~DTM*999*20100816~RMR*IV*697199184**213.09*213.09*0*PT*0~REF*PO*0071021517~DTM*999*20100814~RMR*IV*697199207**110.57*110.57*0*PT*0~REF*PO*0071021627~DTM*999*20100815~RMR*IV*697199473**119.77*119.77*0*PT*0~REF*PO*0071021761~DTM*999*20100816~RMR*IV*697273479**233.02*233.02*0*PT*0~REF*PO*0072051900~DTM*999*20100814~RMR*IV*697273492**125.59*125.59*0*PT*0~REF*PO*0072052139~DTM*999*20100815~RMR*IV*697273533**72.54*72.54*0*PT*0~REF*PO*0072052358~DTM*999*20100816~RMR*IV*846375935**182.47*182.47*0*PT*0~REF*PO*0063003006~DTM*999*20100814~RMR*IV*846375952**93.09*93.09*0*PT*0~REF*PO*0063003122~DTM*999*20100815~RMR*IV*846376066**60.81*60.81*0*PT*0~REF*PO*0063003298~DTM*999*20100816~RMR*IV*852622399**211.29*211.29*0*PT*0~REF*PO*0026032184~DTM*999*20100814~RMR*IV*852622418**126.31*126.31*0*PT*0~REF*PO*0026032271~DTM*999*20100815~RMR*IV*852622706**66.75*66.75*0*PT*0~REF*PO*0026032382~DTM*999*20100816~RMR*IV*898720230**542.73*542.73*0*PT*0~REF*PO*0087090015~DTM*999*20100814~RMR*IV*898720260**577.15*577.15*0*PT*0~REF*PO*0087090160~DTM*999*20100815~RMR*IV*898720543**210.29*210.29*0*PT*0~REF*PO*0087090322~DTM*999*20100816~RMR*IV*898853584**2.17*2.17*0*PT*0~REF*PO*0088084066~DTM*999*20100816~SE*881*2717~GE*1*2717~IEA*1*000002727~