ISA*00*          *00*          *14*072271711USAP  *12*8478692257     *120217*0842*^*00406*000500046*0*P*>~GS*RA*072271711USAP*8478692257*20120217*0842*500046*X*004060~ST*820*0047~BPR*I*41.8*C*ACH*PBC~TRN*1*2000801920~CUR*BY*USD~REF*ZZ*2000801920~DTM*020*20120221~N1*PE*BOTANICAL ELEMENTS, INC.~REF*VR*871940~N1*PR*HOME DEPOT U.S.A., INC.~ENT*1~RMR*IV*300613732**1.73*1.75*0.02*PT*0~REF*PO*0006001629~DTM*999*20120202~RMR*IV*300365529**1.73*1.75*0.02*PT*0~REF*PO*0003039451~DTM*999*20120202~RMR*IV*300614006**4.95*5*0.05*PT*0~REF*PO*0006001636~DTM*999*20120203~RMR*IV*281822911**4.95*5*0.05*PT*0~REF*PO*0018071281~DTM*999*20120203~RMR*IV*192600605**4.21*4.25*0.04*PT*0~REF*PO*0026089522~DTM*999*20120202~RMR*IV*191617816**4.21*4.25*0.04*PT*0~REF*PO*0016066381~DTM*999*20120202~RMR*IV*197604076**7.42*7.5*0.08*PT*0~REF*PO*0076084208~DTM*999*20120202~RMR*IV*198764412**2.47*2.5*0.03*PT*0~REF*PO*0087068087~DTM*999*20120202~RMR*IV*190292792**2.47*2.5*0.03*PT*0~REF*PO*0002073904~DTM*999*20120202~RMR*IV*198764518**2.47*2.5*0.03*PT*0~REF*PO*0087068105~DTM*999*20120203~RMR*IV*190483261**1.73*1.75*0.02*PT*0~REF*PO*0004008063~DTM*999*20120203~RMR*IV*300365672**3.46*3.5*0.04*PT*0~REF*PO*0003039459~DTM*999*20120203~SE*47*0047~GE*1*500046~IEA*1*000500046~