ST*820*000000001
BPR*I*45425.91*C*ACH*CCP*01*021000018*DA*0300955622*9008965873**01*071000288*DA*1872100*20050406*VEN
TRN*3*770114934*9008965873
DTM*097*20050405
N1*PR*KMART CORPORATION*1*008965873
N1*PE*BELL AUTOMOTIVE PRODUCTS*92*00005295399
N1*SE*BELL AUTOMOTIVE PRODUCTS*92*00005295399
ENT*1
ADX*-311.04*74*CM*DSM28262
DTM*999*20050121
REF*PO*0780108209
REF*ST*08780
REF*DP*400
RMR*IK*DSM28262*PI*10765.64*10765.64*0
REF*PO*0780108209
REF*ST*08780
REF*DP*082
DTM*999*20050121
RMR*IK*DSM28262*PI*311.04*311.04*0
REF*PO*0780108209
REF*ST*08780
REF*DP*400
DTM*999*20050121
RMR*IK*DSM28460*PI*6171.23*6171.23*0
REF*PO*0780108945
REF*ST*08780
REF*DP*082
DTM*999*20050128
ENT*2
ADX*-61.2*74*CM*DSM28461
DTM*999*20050128
REF*PO*0781109793
REF*ST*08781
REF*DP*400
RMR*IK*DSM28461*PI*61.2*61.2*0
REF*PO*0781109793
REF*ST*08781
REF*DP*400
DTM*999*20050128
RMR*IK*DSM28461*PI*6603.32*6603.32*0
REF*PO*0781109793
REF*ST*08781
REF*DP*082
DTM*999*20050128
RMR*IK*DSM28462*PI*3820.39*3820.39*0
REF*PO*0936106849
REF*ST*08936
REF*DP*082
DTM*999*20050128
ENT*3
ADX*-206.12*74*CM*DSM28265
DTM*999*20050121
REF*PO*0937108443
REF*ST*08937
REF*DP*400
RMR*IK*DSM28265*PI*206.12*206.12*0
REF*PO*0937108443
REF*ST*08937
REF*DP*400
DTM*999*20050121
RMR*IK*DSM28265*PI*12744.21*12744.21*0
REF*PO*0937108443
REF*ST*08937
REF*DP*082
DTM*999*20050121
RMR*IK*DSM28463*PI*5321.12*5321.12*0
REF*PO*0937109183
REF*ST*08937
REF*DP*082
DTM*999*20050128
SE*71*000000001
