ST*820*0027
BPR*I*9604.26*C*ACH*PBC
TRN*1*2006904268
CUR*BY*USD
REF*ZZ*2006904268
DTM*020*20120103
N1*PE*BOTANICAL ELEMENTS, INC.
REF*VR*871940
N1*PR*HOME DEPOT U.S.A., INC.
ENT*1
RMR*IV*220181734**57.07*57.65*0.58*PT*0
REF*PO*0001062175
DTM*999*20111217
RMR*IV*191309734**44.55*45*0.45*PT*0
REF*PO*0013085349
DTM*999*20111218
RMR*IV*221655178**75.69*76.45*0.76*PT*0
REF*PO*0016058804
DTM*999*20111218
RMR*IV*301981780**1.73*1.75*0.02*PT*0
REF*PO*0019029278
DTM*999*20111217
RMR*IV*300402934**1.73*1.75*0.02*PT*0
REF*PO*0004083478
DTM*999*20111217
RMR*IV*192704662**37.84*38.22*0.38*PT*0
REF*PO*0027004587
DTM*999*20111218
RMR*IV*301805629**68.8*69.5*0.7*PT*0
REF*PO*0018082567
DTM*999*20111217
RMR*IV*898452478**6.93*7*0.07*PT*0
REF*PO*0084032419
DTM*999*20111218
RMR*IV*303723594**6.93*7*0.07*PT*0
REF*PO*0037038866
DTM*999*20111218
RMR*IV*284575172**26.7*26.97*0.27*PT*0
REF*PO*0045050088
DTM*999*20111217
RMR*IV*698176898**26.7*26.97*0.27*PT*0
REF*PO*0081006583
DTM*999*20111217
RMR*IV*320887333**26.83*27.1*0.27*PT*0
REF*PO*0008060803
DTM*999*20111217
RMR*IV*220279846**26.88*27.15*0.27*PT*0
REF*PO*0002034424
DTM*999*20111217
RMR*IV*191247262**56.59*57.16*0.57*PT*0
REF*PO*0012008474
DTM*999*20111219
RMR*IV*198022746**69.76*70.46*0.7*PT*0
REF*PO*0080006002
DTM*999*20111217
RMR*IV*696167792**12.62*12.75*0.13*PT*0
REF*PO*0061062202
DTM*999*20111219
RMR*IV*300275009**12.62*12.75*0.13*PT*0
REF*PO*0002032760
DTM*999*20111219
RMR*IV*303723829**12.62*12.75*0.13*PT*0
REF*PO*0037038923
DTM*999*20111219
RMR*IV*211384238**12.67*12.8*0.13*PT*0
REF*PO*0013027424
DTM*999*20111219
RMR*IV*846014921**4.21*4.25*0.04*PT*0
REF*PO*0060022944
DTM*999*20111218
RMR*IV*302621130**12.62*12.75*0.13*PT*0
REF*PO*0026081240
DTM*999*20111218
RMR*IV*221880350**40.84*41.25*0.41*PT*0
REF*PO*0018031838
DTM*999*20111218
RMR*IV*300177078**25.49*25.75*0.26*PT*0
REF*PO*0001057485
DTM*999*20111218
RMR*IV*193905421**11.12*11.23*0.11*PT*0
REF*PO*0039054209
DTM*999*20111219
RMR*IV*491921618**11.14*11.25*0.11*PT*0
REF*PO*0019081048
DTM*999*20111219
RMR*IV*280504972**11.14*11.25*0.11*PT*0
REF*PO*0005099554
DTM*999*20111219
RMR*IV*198125241**160.35*161.97*1.62*PT*0
REF*PO*0081058201
DTM*999*20111218
RMR*IV*210494056**3.17*3.2*0.03*PT*0
REF*PO*0004074885
DTM*999*20111217
RMR*IV*211555311**3.17*3.2*0.03*PT*0
REF*PO*0015046390
DTM*999*20111217
RMR*IV*282932367**3.17*3.2*0.03*PT*0
REF*PO*0029070329
DTM*999*20111217
RMR*IV*300608216**7.42*7.5*0.08*PT*0
REF*PO*0006098906
DTM*999*20111217
RMR*IV*301051639**7.42*7.5*0.08*PT*0
REF*PO*0010074502
DTM*999*20111217
RMR*IV*494012362**7.42*7.5*0.08*PT*0
REF*PO*0040082980
DTM*999*20111217
RMR*IV*492969297**11.29*11.4*0.11*PT*0
REF*PO*0029011434
DTM*999*20111217
RMR*IV*490762240**16.93*17.1*0.17*PT*0
REF*PO*0007077463
DTM*999*20111217
RMR*IV*300772510**27.72*28*0.28*PT*0
REF*PO*0007086077
DTM*999*20111217
RMR*IV*692063063**16.09*16.25*0.16*PT*0
REF*PO*0020084405
DTM*999*20111217
RMR*IV*283335455**55.12*55.68*0.56*PT*0
REF*PO*0033038953
DTM*999*20111217
RMR*IV*300177061**3.46*3.5*0.04*PT*0
REF*PO*0001057415
DTM*999*20111217
RMR*IV*300877077**3.46*3.5*0.04*PT*0
REF*PO*0008012316
DTM*999*20111217
RMR*IV*899435305**3.46*3.5*0.04*PT*0
REF*PO*0094045109
DTM*999*20111217
RMR*IV*190654496**22.27*22.5*0.23*PT*0
REF*PO*0006084247
DTM*999*20111218
RMR*IV*190722951**22.27*22.5*0.23*PT*0
REF*PO*0007061339
DTM*999*20111218
RMR*IV*282637184**52.67*53.2*0.53*PT*0
REF*PO*0026020197
DTM*999*20111218
RMR*IV*198759455**67.57*68.25*0.68*PT*0
REF*PO*0087066235
DTM*999*20111218
RMR*IV*282637396**24.25*24.5*0.25*PT*0
REF*PO*0026020251
DTM*999*20111219
RMR*IV*198626879**2.96*2.99*0.03*PT*0
REF*PO*0086032711
DTM*999*20111217
RMR*IV*193587218**2.96*2.99*0.03*PT*0
REF*PO*0035064728
DTM*999*20111217
RMR*IV*281355608**17.26*17.43*0.17*PT*0
REF*PO*0013041109
DTM*999*20111217
RMR*IV*688712182**17.32*17.5*0.18*PT*0
REF*PO*0087027804
DTM*999*20111217
RMR*IV*846014905**17.32*17.5*0.18*PT*0
REF*PO*0060022875
DTM*999*20111217
RMR*IV*191918475**5.2*5.25*0.05*PT*0
REF*PO*0019025399
DTM*999*20111217
RMR*IV*192485906**5.2*5.25*0.05*PT*0
REF*PO*0024083696
DTM*999*20111217
RMR*IV*491860994**5.2*5.25*0.05*PT*0
REF*PO*0018084465
DTM*999*20111217
RMR*IV*670108362**11.14*11.25*0.11*PT*0
REF*PO*0001079770
DTM*999*20111217
RMR*IV*682225026**11.14*11.25*0.11*PT*0
REF*PO*0022027400
DTM*999*20111217
RMR*IV*302247111**11.14*11.25*0.11*PT*0
REF*PO*0022085040
DTM*999*20111217
RMR*IV*491217836**32.46*32.79*0.33*PT*0
REF*PO*0012003954
DTM*999*20111217
RMR*IV*195728383**33.41*33.75*0.34*PT*0
REF*PO*0057042646
DTM*999*20111217
RMR*IV*198230007**48.46*48.95*0.49*PT*0
REF*PO*0082017285
DTM*999*20111217
RMR*IV*282637156**71.98*72.71*0.73*PT*0
REF*PO*0026020105
DTM*999*20111217
RMR*IV*194443764**8.91*9*0.09*PT*0
REF*PO*0044023976
DTM*999*20111217
RMR*IV*194385924**8.91*9*0.09*PT*0
REF*PO*0043082275
DTM*999*20111217
RMR*IV*190476481**8.91*9*0.09*PT*0
REF*PO*0004005927
DTM*999*20111217
RMR*IV*284373322**8.91*9*0.09*PT*0
REF*PO*0043006751
DTM*999*20111217
RMR*IV*198905837**8.91*9*0.09*PT*0
REF*PO*0089011123
DTM*999*20111217
RMR*IV*282108418**8.91*9*0.09*PT*0
REF*PO*0021037966
DTM*999*20111217
RMR*IV*281132368**8.91*9*0.09*PT*0
REF*PO*0011017630
DTM*999*20111217
RMR*IV*193213529**8.91*9*0.09*PT*0
REF*PO*0032014574
DTM*999*20111217
RMR*IV*320617905**12.67*12.8*0.13*PT*0
REF*PO*0006036706
DTM*999*20111217
RMR*IV*490298763**18.31*18.5*0.19*PT*0
REF*PO*0002087058
DTM*999*20111217
RMR*IV*320908515**23.26*23.5*0.24*PT*0
REF*PO*0009031753
DTM*999*20111217
RMR*IV*691953382**36.32*36.69*0.37*PT*0
REF*PO*0019016266
DTM*999*20111217
RMR*IV*190994564**10.38*10.48*0.1*PT*0
REF*PO*0009049723
DTM*999*20111217
RMR*IV*196440488**10.38*10.48*0.1*PT*0
REF*PO*0064016497
DTM*999*20111217
RMR*IV*282531211**10.39*10.5*0.11*PT*0
REF*PO*0025000661
DTM*999*20111217
RMR*IV*859891925**10.39*10.5*0.11*PT*0
REF*PO*0098068330
DTM*999*20111217
RMR*IV*191309707**33.9*34.24*0.34*PT*0
REF*PO*0013085267
DTM*999*20111217
RMR*IV*302481275**22.52*22.75*0.23*PT*0
REF*PO*0024005315
DTM*999*20111217
RMR*IV*492327499**42.97*43.4*0.43*PT*0
REF*PO*0023061940
DTM*999*20111217
RMR*IV*281818459**43.21*43.65*0.44*PT*0
REF*PO*0018069243
DTM*999*20111217
RMR*IV*302621105**6.93*7*0.07*PT*0
REF*PO*0026081162
DTM*999*20111217
RMR*IV*303204637**6.93*7*0.07*PT*0
REF*PO*0032057839
DTM*999*20111217
RMR*IV*220430787**6.93*7*0.07*PT*0
REF*PO*0004003131
DTM*999*20111217
RMR*IV*490349787**14.85*15*0.15*PT*0
REF*PO*0003076669
DTM*999*20111217
RMR*IV*185149701**1.73*1.75*0.02*PT*0
REF*PO*0051037019
DTM*999*20111217
RMR*IV*302779902**1.73*1.75*0.02*PT*0
REF*PO*0027088291
DTM*999*20111217
RMR*IV*492841464**10.59*10.7*0.11*PT*0
REF*PO*0028088410
DTM*999*20111217
RMR*IV*220755545**29.45*29.75*0.3*PT*0
REF*PO*0007052218
DTM*999*20111217
RMR*IV*277514532**29.45*29.75*0.3*PT*0
REF*PO*0075071480
DTM*999*20111217
RMR*IV*280604785**36.61*36.98*0.37*PT*0
REF*PO*0006044110
DTM*999*20111217
RMR*IV*303421418**36.63*37*0.37*PT*0
REF*PO*0034035172
DTM*999*20111217
RMR*IV*196909039**37.11*37.48*0.37*PT*0
REF*PO*0069068376
DTM*999*20111217
RMR*IV*302135644**37.12*37.5*0.38*PT*0
REF*PO*0021036120
DTM*999*20111217
RMR*IV*301108229**72.22*72.95*0.73*PT*0
REF*PO*0011085272
DTM*999*20111217
RMR*IV*280106050**25.99*26.25*0.26*PT*0
REF*PO*0001099945
DTM*999*20111218
RMR*IV*220335752**25.99*26.25*0.26*PT*0
REF*PO*0003083306
DTM*999*20111218
RMR*IV*281214626**21.78*22*0.22*PT*0
REF*PO*0012043248
DTM*999*20111217
RMR*IV*493535512**4.45*4.5*0.05*PT*0
REF*PO*0035003640
DTM*999*20111217
RMR*IV*190722925**4.45*4.5*0.05*PT*0
REF*PO*0007061249
DTM*999*20111217
RMR*IV*193643629**4.45*4.5*0.05*PT*0
REF*PO*0036064652
DTM*999*20111217
RMR*IV*282032847**4.45*4.5*0.05*PT*0
REF*PO*0020033713
DTM*999*20111217
RMR*IV*190123712**4.45*4.5*0.05*PT*0
REF*PO*0001047002
DTM*999*20111217
RMR*IV*491534231**14.45*14.6*0.15*PT*0
REF*PO*0015023908
DTM*999*20111217
RMR*IV*280106022**102.45*103.48*1.03*PT*0
REF*PO*0001099752
DTM*999*20111217
RMR*IV*196167860**102.93*103.97*1.04*PT*0
REF*PO*0061033476
DTM*999*20111217
RMR*IV*284730865**14.1*14.24*0.14*PT*0
REF*PO*0047052477
DTM*999*20111218
RMR*IV*698176912**14.11*14.25*0.14*PT*0
REF*PO*0081006657
DTM*999*20111218
RMR*IV*494232590**14.11*14.25*0.14*PT*0
REF*PO*0042065185
DTM*999*20111218
RMR*IV*210108291**38.41*38.8*0.39*PT*0
REF*PO*0001059287
DTM*999*20111218
RMR*IV*221412345**2.47*2.5*0.03*PT*0
REF*PO*0014043529
DTM*999*20111217
RMR*IV*492142770**2.47*2.5*0.03*PT*0
REF*PO*0021048394
DTM*999*20111217
RMR*IV*210798074**2.47*2.5*0.03*PT*0
REF*PO*0007032699
DTM*999*20111217
RMR*IV*192053574**8.66*8.75*0.09*PT*0
REF*PO*0020088409
DTM*999*20111217
RMR*IV*280504694**8.66*8.75*0.09*PT*0
REF*PO*0005099270
DTM*999*20111217
RMR*IV*194276626**28.21*28.49*0.28*PT*0
REF*PO*0042042454
DTM*999*20111217
RMR*IV*220335564**28.21*28.5*0.29*PT*0
REF*PO*0003083223
DTM*999*20111217
RMR*IV*197396799**40.59*41*0.41*PT*0
REF*PO*0073053923
DTM*999*20111217
RMR*IV*195207674**41.04*41.45*0.41*PT*0
REF*PO*0052021657
DTM*999*20111217
RMR*IV*302247136**3.46*3.5*0.04*PT*0
REF*PO*0022085136
DTM*999*20111218
RMR*IV*301589403**3.46*3.5*0.04*PT*0
REF*PO*0015039487
DTM*999*20111218
RMR*IV*282108435**4.45*4.5*0.05*PT*0
REF*PO*0021038046
DTM*999*20111218
RMR*IV*281735479**4.45*4.5*0.05*PT*0
REF*PO*0017043868
DTM*999*20111218
RMR*IV*193467030**4.45*4.5*0.05*PT*0
REF*PO*0034017199
DTM*999*20111218
RMR*IV*692329510**4.45*4.5*0.05*PT*0
REF*PO*0023037287
DTM*999*20111218
RMR*IV*198327437**4.45*4.5*0.05*PT*0
REF*PO*0083018488
DTM*999*20111218
RMR*IV*492645852**5.64*5.7*0.06*PT*0
REF*PO*0026043431
DTM*999*20111218
RMR*IV*196909064**7.42*7.49*0.07*PT*0
REF*PO*0069068454
DTM*999*20111218
RMR*IV*190994579**7.42*7.49*0.07*PT*0
REF*PO*0009049796
DTM*999*20111218
RMR*IV*281132393**10.38*10.48*0.1*PT*0
REF*PO*0011017713
DTM*999*20111218
RMR*IV*284420678**10.39*10.5*0.11*PT*0
REF*PO*0044051997
DTM*999*20111218
RMR*IV*300360000**17.57*17.75*0.18*PT*0
REF*PO*0003037523
DTM*999*20111218
RMR*IV*220560063**24.01*24.25*0.24*PT*0
REF*PO*0005060110
DTM*999*20111218
RMR*IV*320618032**8.81*8.9*0.09*PT*0
REF*PO*0006036828
DTM*999*20111219
RMR*IV*490349973**8.81*8.9*0.09*PT*0
REF*PO*0003076798
DTM*999*20111219
RMR*IV*190336183**8.91*9*0.09*PT*0
REF*PO*0003062500
DTM*999*20111219
RMR*IV*190723260**8.91*9*0.09*PT*0
REF*PO*0007061415
DTM*999*20111219
RMR*IV*193213783**8.91*9*0.09*PT*0
REF*PO*0032014719
DTM*999*20111219
RMR*IV*194800781**8.91*9*0.09*PT*0
REF*PO*0048048132
DTM*999*20111219
RMR*IV*198905929**8.91*9*0.09*PT*0
REF*PO*0089011263
DTM*999*20111219
RMR*IV*196719998**6.34*6.4*0.06*PT*0
REF*PO*0067004502
DTM*999*20111217
RMR*IV*220560044**12.87*13*0.13*PT*0
REF*PO*0005060017
DTM*999*20111217
RMR*IV*301457852**19.06*19.25*0.19*PT*0
REF*PO*0014014718
DTM*999*20111217
RMR*IV*190335945**19.26*19.45*0.19*PT*0
REF*PO*0003062345
DTM*999*20111217
RMR*IV*197504588**19.28*19.47*0.19*PT*0
REF*PO*0075083504
DTM*999*20111217
RMR*IV*696167728**19.3*19.5*0.2*PT*0
REF*PO*0061062075
DTM*999*20111217
RMR*IV*191560772**4.95*5*0.05*PT*0
REF*PO*0015005752
DTM*999*20111217
RMR*IV*221790065**4.95*5*0.05*PT*0
REF*PO*0017028104
DTM*999*20111217
RMR*IV*490633136**4.95*5*0.05*PT*0
REF*PO*0006050811
DTM*999*20111217
RMR*IV*221880337**66.82*67.5*0.68*PT*0
REF*PO*0018031744
DTM*999*20111217
RMR*IV*191818699**66.82*67.5*0.68*PT*0
REF*PO*0018063320
DTM*999*20111217
RMR*IV*843120331**17.79*17.97*0.18*PT*0
REF*PO*0031057513
DTM*999*20111218
RMR*IV*192267257**17.81*17.99*0.18*PT*0
REF*PO*0022030462
DTM*999*20111218
RMR*IV*492048564**7.67*7.75*0.08*PT*0
REF*PO*0020063930
DTM*999*20111217
RMR*IV*195532689**11.87*11.99*0.12*PT*0
REF*PO*0055046360
DTM*999*20111217
RMR*IV*190285668**46.75*47.22*0.47*PT*0
REF*PO*0002071203
DTM*999*20111217
RMR*IV*280265446**5.92*5.98*0.06*PT*0
REF*PO*0002079232
DTM*999*20111218
RMR*IV*193643647**5.92*5.98*0.06*PT*0
REF*PO*0036064725
DTM*999*20111218
RMR*IV*194039536**5.92*5.98*0.06*PT*0
REF*PO*0040080594
DTM*999*20111218
RMR*IV*281818476**5.92*5.98*0.06*PT*0
REF*PO*0018069324
DTM*999*20111218
RMR*IV*493535525**11.84*11.96*0.12*PT*0
REF*PO*0035003718
DTM*999*20111218
RMR*IV*190476505**11.84*11.96*0.12*PT*0
REF*PO*0004006022
DTM*999*20111218
RMR*IV*193905338**11.87*11.99*0.12*PT*0
REF*PO*0039054140
DTM*999*20111218
RMR*IV*193587236**11.87*11.99*0.12*PT*0
REF*PO*0035064811
DTM*999*20111218
RMR*IV*198626900**11.87*11.99*0.12*PT*0
REF*PO*0086032789
DTM*999*20111218
RMR*IV*192053606**14.8*14.95*0.15*PT*0
REF*PO*0020088494
DTM*999*20111218
RMR*IV*490762252**28.86*29.15*0.29*PT*0
REF*PO*0007077543
DTM*999*20111218
RMR*IV*491644478**19.01*19.2*0.19*PT*0
REF*PO*0016012055
DTM*999*20111218
RMR*IV*191247030**193.71*195.67*1.96*PT*0
REF*PO*0012008391
DTM*999*20111218
RMR*IV*491644461**11.53*11.65*0.12*PT*0
REF*PO*0016011969
DTM*999*20111217
RMR*IV*284420667**35.59*35.95*0.36*PT*0
REF*PO*0044051924
DTM*999*20111217
RMR*IV*300961892**19.55*19.75*0.2*PT*0
REF*PO*0009039209
DTM*999*20111217
RMR*IV*192704630**77.18*77.96*0.78*PT*0
REF*PO*0027004488
DTM*999*20111217
RMR*IV*210858353**20.54*20.75*0.21*PT*0
REF*PO*0008020260
DTM*999*20111217
RMR*IV*221319417**51.18*51.7*0.52*PT*0
REF*PO*0013010371
DTM*999*20111217
RMR*IV*491101334**51.21*51.73*0.52*PT*0
REF*PO*0011068573
DTM*999*20111217
RMR*IV*197600199**51.23*51.75*0.52*PT*0
REF*PO*0076076864
DTM*999*20111217
RMR*IV*195032673**51.62*52.14*0.52*PT*0
REF*PO*0050090479
DTM*999*20111217
RMR*IV*492142787**6.34*6.4*0.06*PT*0
REF*PO*0021048467
DTM*999*20111218
RMR*IV*490991617**6.34*6.4*0.06*PT*0
REF*PO*0009072884
DTM*999*20111218
RMR*IV*303624214**6.34*6.4*0.06*PT*0
REF*PO*0036079427
DTM*999*20111218
RMR*IV*320272133**8.81*8.9*0.09*PT*0
REF*PO*0002087052
DTM*999*20111218
RMR*IV*191762495**8.91*9*0.09*PT*0
REF*PO*0017001239
DTM*999*20111218
RMR*IV*284373336**8.91*9*0.09*PT*0
REF*PO*0043006836
DTM*999*20111218
RMR*IV*280357634**16.53*16.7*0.17*PT*0
REF*PO*0003048609
DTM*999*20111218
RMR*IV*211445422**6.34*6.4*0.06*PT*0
REF*PO*0014099845
DTM*999*20111217
RMR*IV*302942264**9.4*9.5*0.1*PT*0
REF*PO*0029026839
DTM*999*20111217
RMR*IV*493131222**13.36*13.5*0.14*PT*0
REF*PO*0031071690
DTM*999*20111217
RMR*IV*282809428**13.36*13.5*0.14*PT*0
REF*PO*0028074582
DTM*999*20111217
RMR*IV*195652778**13.56*13.7*0.14*PT*0
REF*PO*0056089550
DTM*999*20111217
RMR*IV*843074628**13.61*13.75*0.14*PT*0
REF*PO*0030005454
DTM*999*20111217
RMR*IV*195652798**3.17*3.2*0.03*PT*0
REF*PO*0056089642
DTM*999*20111218
RMR*IV*320908529**3.17*3.2*0.03*PT*0
REF*PO*0009031822
DTM*999*20111218
RMR*IV*211445433**3.17*3.2*0.03*PT*0
REF*PO*0014099983
DTM*999*20111218
RMR*IV*491098457**3.17*3.2*0.03*PT*0
REF*PO*0010003254
DTM*999*20111218
RMR*IV*494116224**3.17*3.2*0.03*PT*0
REF*PO*0041005161
DTM*999*20111218
RMR*IV*491921453**4.75*4.8*0.05*PT*0
REF*PO*0019080993
DTM*999*20111218
RMR*IV*195728409**16.3*16.46*0.16*PT*0
REF*PO*0057042726
DTM*999*20111218
RMR*IV*283217517**16.33*16.49*0.16*PT*0
REF*PO*0032066592
DTM*999*20111218
RMR*IV*192811036**6.34*6.4*0.06*PT*0
REF*PO*0028034349
DTM*999*20111217
RMR*IV*698739706**6.34*6.4*0.06*PT*0
REF*PO*0087076541
DTM*999*20111217
RMR*IV*492589033**6.34*6.4*0.06*PT*0
REF*PO*0025049976
DTM*999*20111217
RMR*IV*283217501**14.83*14.98*0.15*PT*0
REF*PO*0032066521
DTM*999*20111217
RMR*IV*210108279**57.42*58*0.58*PT*0
REF*PO*0001059220
DTM*999*20111217
RMR*IV*221655165**18.56*18.75*0.19*PT*0
REF*PO*0016058727
DTM*999*20111217
RMR*IV*221186588**18.76*18.95*0.19*PT*0
REF*PO*0011009326
DTM*999*20111217
RMR*IV*493048788**23.76*24*0.24*PT*0
REF*PO*0030000105
DTM*999*20111217
RMR*IV*198327416**24.12*24.36*0.24*PT*0
REF*PO*0083018406
DTM*999*20111217
RMR*IV*198759436**183.09*184.94*1.85*PT*0
REF*PO*0087066167
DTM*999*20111217
RMR*IV*492423240**11.98*12.1*0.12*PT*0
REF*PO*0024002496
DTM*999*20111217
RMR*IV*191610504**27.18*27.45*0.27*PT*0
REF*PO*0016063646
DTM*999*20111217
RMR*IV*210858368**6.09*6.15*0.06*PT*0
REF*PO*0008020330
DTM*999*20111218
RMR*IV*194443787**6.14*6.2*0.06*PT*0
REF*PO*0044024053
DTM*999*20111218
RMR*IV*280357614**12.06*12.18*0.12*PT*0
REF*PO*0003048522
DTM*999*20111217
RMR*IV*843120317**12.08*12.2*0.12*PT*0
REF*PO*0031057437
DTM*999*20111217
RMR*IV*280946486**12.08*12.2*0.12*PT*0
REF*PO*0009010562
DTM*999*20111217
RMR*IV*303723580**12.13*12.25*0.12*PT*0
REF*PO*0037038797
DTM*999*20111217
RMR*IV*490991591**17.87*18.05*0.18*PT*0
REF*PO*0009072792
DTM*999*20111217
RMR*IV*210337241**18.07*18.25*0.18*PT*0
REF*PO*0003006223
DTM*999*20111217
RMR*IV*490524947**50.94*51.45*0.51*PT*0
REF*PO*0005040948
DTM*999*20111217
RMR*IV*190123739**13.36*13.5*0.14*PT*0
REF*PO*0001047097
DTM*999*20111218
RMR*IV*185149821**1.73*1.75*0.02*PT*0
REF*PO*0051037139
DTM*999*20111219
RMR*IV*220560319**1.73*1.75*0.02*PT*0
REF*PO*0005060166
DTM*999*20111219
RMR*IV*300772676**1.73*1.75*0.02*PT*0
REF*PO*0007086269
DTM*999*20111219
RMR*IV*301458026**1.73*1.75*0.02*PT*0
REF*PO*0014014835
DTM*999*20111219
RMR*IV*280946734**12.08*12.2*0.12*PT*0
REF*PO*0009010723
DTM*999*20111219
RMR*IV*197397005**12.13*12.25*0.12*PT*0
REF*PO*0073054055
DTM*999*20111219
RMR*IV*193836155**34.89*35.24*0.35*PT*0
REF*PO*0038075337
DTM*999*20111217
RMR*IV*192694920**69.01*69.71*0.7*PT*0
REF*PO*0026087290
DTM*999*20111217
RMR*IV*300359981**82.17*83*0.83*PT*0
REF*PO*0003037449
DTM*999*20111217
RMR*IV*301805643**6.14*6.2*0.06*PT*0
REF*PO*0018082664
DTM*999*20111218
RMR*IV*301457869**18.56*18.75*0.19*PT*0
REF*PO*0014014789
DTM*999*20111218
RMR*IV*281024192**58.3*58.89*0.59*PT*0
REF*PO*0010017427
DTM*999*20111218
RMR*IV*193905315**16.53*16.7*0.17*PT*0
REF*PO*0039054056
DTM*999*20111217
RMR*IV*491098437**22.18*22.4*0.22*PT*0
REF*PO*0010003157
DTM*999*20111217
RMR*IV*220953870**22.27*22.5*0.23*PT*0
REF*PO*0009007377
DTM*999*20111217
RMR*IV*280773952**37.34*37.72*0.38*PT*0
REF*PO*0007022725
DTM*999*20111217
RMR*IV*491921437**17.62*17.8*0.18*PT*0
REF*PO*0019080913
DTM*999*20111217
RMR*IV*198125224**63.51*64.15*0.64*PT*0
REF*PO*0081058108
DTM*999*20111217
RMR*IV*698739717**13.71*13.85*0.14*PT*0
REF*PO*0087076614
DTM*999*20111218
RMR*IV*320617921**18.02*18.2*0.18*PT*0
REF*PO*0006036769
DTM*999*20111218
RMR*IV*190335964**22.27*22.49*0.22*PT*0
REF*PO*0003062436
DTM*999*20111218
RMR*IV*843074855**8.66*8.75*0.09*PT*0
REF*PO*0030005583
DTM*999*20111219
RMR*IV*192267452**8.66*8.75*0.09*PT*0
REF*PO*0022030518
DTM*999*20111219
RMR*IV*220755606**8.66*8.75*0.09*PT*0
REF*PO*0007052364
DTM*999*20111219
RMR*IV*320272116**34.15*34.5*0.35*PT*0
REF*PO*0002086982
DTM*999*20111217
RMR*IV*192175663**34.15*34.5*0.35*PT*0
REF*PO*0021000174
DTM*999*20111217
RMR*IV*281024169**67.15*67.83*0.68*PT*0
REF*PO*0010017341
DTM*999*20111217
RMR*IV*320887343**9.5*9.6*0.1*PT*0
REF*PO*0008060866
DTM*999*20111218
RMR*IV*491101347**9.65*9.75*0.1*PT*0
REF*PO*0011068658
DTM*999*20111218
RMR*IV*195532707**33.07*33.4*0.33*PT*0
REF*PO*0055046439
DTM*999*20111218
RMR*IV*190285692**41.83*42.25*0.42*PT*0
REF*PO*0002071291
DTM*999*20111218
RMR*IV*191818740**134.57*135.93*1.36*PT*0
REF*PO*0018063417
DTM*999*20111218
RMR*IV*280415292**2.96*2.99*0.03*PT*0
REF*PO*0004061559
DTM*999*20111218
RMR*IV*193213553**2.96*2.99*0.03*PT*0
REF*PO*0032014654
DTM*999*20111218
RMR*IV*192811053**6.68*6.75*0.07*PT*0
REF*PO*0028034432
DTM*999*20111218
RMR*IV*221319430**6.68*6.75*0.07*PT*0
REF*PO*0013010451
DTM*999*20111218
RMR*IV*280773977**15.05*15.2*0.15*PT*0
REF*PO*0007022819
DTM*999*20111218
RMR*IV*196720022**15.15*15.3*0.15*PT*0
REF*PO*0067004575
DTM*999*20111218
RMR*IV*196167880**53.46*54*0.54*PT*0
REF*PO*0061033565
DTM*999*20111218
RMR*IV*490524955**2.47*2.5*0.03*PT*0
REF*PO*0005041036
DTM*999*20111218
RMR*IV*320478462**2.47*2.5*0.03*PT*0
REF*PO*0004072751
DTM*999*20111218
RMR*IV*194385957**18.74*18.93*0.19*PT*0
REF*PO*0043082367
DTM*999*20111218
RMR*IV*302779936**22.03*22.25*0.22*PT*0
REF*PO*0027088418
DTM*999*20111219
RMR*IV*670108607**22.25*22.47*0.22*PT*0
REF*PO*0001079915
DTM*999*20111219
RMR*IV*192811204**42.07*42.5*0.43*PT*0
REF*PO*0028034489
DTM*999*20111219
RMR*IV*192704833**42.32*42.75*0.43*PT*0
REF*PO*0027004656
DTM*999*20111219
RMR*IV*281735456**84.64*85.5*0.86*PT*0
REF*PO*0017043791
DTM*999*20111217
RMR*IV*301628520**2.47*2.5*0.03*PT*0
REF*PO*0016076054
DTM*999*20111218
RMR*IV*492423264**2.47*2.5*0.03*PT*0
REF*PO*0024002567
DTM*999*20111218
RMR*IV*492841475**2.47*2.5*0.03*PT*0
REF*PO*0028088530
DTM*999*20111218
RMR*IV*320887458**20.79*21*0.21*PT*0
REF*PO*0008060924
DTM*999*20111219
RMR*IV*283335683**25.99*26.25*0.26*PT*0
REF*PO*0033039083
DTM*999*20111219
RMR*IV*899435322**8.41*8.5*0.09*PT*0
REF*PO*0094045178
DTM*999*20111218
RMR*IV*192485920**8.41*8.5*0.09*PT*0
REF*PO*0024083860
DTM*999*20111218
RMR*IV*493048798**8.41*8.5*0.09*PT*0
REF*PO*0030000168
DTM*999*20111218
RMR*IV*688712245**5.2*5.25*0.05*PT*0
REF*PO*0087027924
DTM*999*20111219
RMR*IV*191918707**5.2*5.25*0.05*PT*0
REF*PO*0019025543
DTM*999*20111219
RMR*IV*282033005**5.2*5.25*0.05*PT*0
REF*PO*0020033842
DTM*999*20111219
RMR*IV*280106198**5.2*5.25*0.05*PT*0
REF*PO*0001000043
DTM*999*20111219
RMR*IV*301982021**5.2*5.25*0.05*PT*0
REF*PO*0019029408
DTM*999*20111219
RMR*IV*281024408**5.2*5.25*0.05*PT*0
REF*PO*0010017497
DTM*999*20111219
RMR*IV*281818600**5.2*5.25*0.05*PT*0
REF*PO*0018069383
DTM*999*20111219
RMR*IV*491098622**5.2*5.25*0.05*PT*0
REF*PO*0010003329
DTM*999*20111219
RMR*IV*302135887**17.82*18*0.18*PT*0
REF*PO*0021036262
DTM*999*20111219
RMR*IV*195033073**17.82*18*0.18*PT*0
REF*PO*0050090638
DTM*999*20111219
RMR*IV*282032861**13.86*14*0.14*PT*0
REF*PO*0020033785
DTM*999*20111218
RMR*IV*300772534**13.86*14*0.14*PT*0
REF*PO*0007086168
DTM*999*20111218
RMR*IV*197600221**16.81*16.98*0.17*PT*0
REF*PO*0076077150
DTM*999*20111218
RMR*IV*300961914**60.84*61.45*0.61*PT*0
REF*PO*0009039276
DTM*999*20111218
RMR*IV*190535104**26.7*26.97*0.27*PT*0
REF*PO*0005002479
DTM*999*20111219
RMR*IV*301108252**48.86*49.35*0.49*PT*0
REF*PO*0011085373
DTM*999*20111218
RMR*IV*490762343**11.29*11.4*0.11*PT*0
REF*PO*0007077602
DTM*999*20111219
RMR*IV*196720063**11.29*11.4*0.11*PT*0
REF*PO*0067004626
DTM*999*20111219
RMR*IV*198125533**17.54*17.72*0.18*PT*0
REF*PO*0081058254
DTM*999*20111219
RMR*IV*490298985**17.62*17.8*0.18*PT*0
REF*PO*0002087212
DTM*999*20111219
RMR*IV*220280037**29.7*30*0.3*PT*0
REF*PO*0002034580
DTM*999*20111219
RMR*IV*191918503**8.66*8.75*0.09*PT*0
REF*PO*0019025479
DTM*999*20111218
RMR*IV*220181750**8.66*8.75*0.09*PT*0
REF*PO*0001062323
DTM*999*20111218
RMR*IV*211384065**11.29*11.4*0.11*PT*0
REF*PO*0013027352
DTM*999*20111218
RMR*IV*843074649**23.76*24*0.24*PT*0
REF*PO*0030005524
DTM*999*20111218
RMR*IV*193836177**99.49*100.49*1*PT*0
REF*PO*0038075423
DTM*999*20111218
RMR*IV*190123961**4.45*4.5*0.05*PT*0
REF*PO*0001047160
DTM*999*20111219
RMR*IV*190476767**4.45*4.5*0.05*PT*0
REF*PO*0004006093
DTM*999*20111219
RMR*IV*191610841**4.45*4.5*0.05*PT*0
REF*PO*0016063816
DTM*999*20111219
RMR*IV*221186683**8.41*8.5*0.09*PT*0
REF*PO*0011009480
DTM*999*20111219
RMR*IV*197600380**37.05*37.42*0.37*PT*0
REF*PO*0076077325
DTM*999*20111219
RMR*IV*191247007**203.09*205.14*2.05*PT*0
REF*PO*0012008284
DTM*999*20111217
RMR*IV*300402947**9.16*9.25*0.09*PT*0
REF*PO*0004083591
DTM*999*20111218
RMR*IV*280604808**17.32*17.5*0.18*PT*0
REF*PO*0006044200
DTM*999*20111218
RMR*IV*277514541**22.52*22.75*0.23*PT*0
REF*PO*0075071537
DTM*999*20111218
RMR*IV*192175685**48.26*48.75*0.49*PT*0
REF*PO*0021000263
DTM*999*20111218
RMR*IV*195207699**71.48*72.2*0.72*PT*0
REF*PO*0052021744
DTM*999*20111218
RMR*IV*195032709**71.9*72.63*0.73*PT*0
REF*PO*0050090568
DTM*999*20111218
RMR*IV*490525008**17.42*17.6*0.18*PT*0
REF*PO*0005041088
DTM*999*20111219
RMR*IV*220954112**17.47*17.65*0.18*PT*0
REF*PO*0009007548
DTM*999*20111219
RMR*IV*301108479**49*49.5*0.5*PT*0
REF*PO*0011085438
DTM*999*20111219
RMR*IV*284373465**4.45*4.5*0.05*PT*0
REF*PO*0043006888
DTM*999*20111219
RMR*IV*281735611**4.45*4.5*0.05*PT*0
REF*PO*0017043926
DTM*999*20111219
RMR*IV*303421504**10.15*10.25*0.1*PT*0
REF*PO*0034035292
DTM*999*20111219
RMR*IV*191818821**21.49*21.71*0.22*PT*0
REF*PO*0018063500
DTM*999*20111219
RMR*IV*300877264**21.78*22*0.22*PT*0
REF*PO*0008012461
DTM*999*20111219
RMR*IV*221880393**26.98*27.25*0.27*PT*0
REF*PO*0018031888
DTM*999*20111219
RMR*IV*196168057**71.28*72*0.72*PT*0
REF*PO*0061033636
DTM*999*20111219
RMR*IV*494116423**14.31*14.45*0.14*PT*0
REF*PO*0041005215
DTM*999*20111219
RMR*IV*698739938**6.68*6.75*0.07*PT*0
REF*PO*0087076677
DTM*999*20111219
RMR*IV*843120484**13.34*13.47*0.13*PT*0
REF*PO*0031057570
DTM*999*20111219
RMR*IV*196440553**13.34*13.47*0.13*PT*0
REF*PO*0064016627
DTM*999*20111219
RMR*IV*196260641**31.93*32.25*0.32*PT*0
REF*PO*0062041646
DTM*999*20111219
RMR*IV*303204650**20.54*20.75*0.21*PT*0
REF*PO*0032057905
DTM*999*20111218
RMR*IV*284575194**46.41*46.88*0.47*PT*0
REF*PO*0045050170
DTM*999*20111218
RMR*IV*281214649**20.99*21.2*0.21*PT*0
REF*PO*0012043331
DTM*999*20111218
RMR*IV*220181926**7.67*7.75*0.08*PT*0
REF*PO*0001062484
DTM*999*20111219
RMR*IV*282531445**33.41*33.75*0.34*PT*0
REF*PO*0025000803
DTM*999*20111219
RMR*IV*491217858**39.99*40.39*0.4*PT*0
REF*PO*0012004048
DTM*999*20111218
RMR*IV*191610542**40.05*40.45*0.4*PT*0
REF*PO*0016063751
DTM*999*20111218
RMR*IV*280504715**47.72*48.2*0.48*PT*0
REF*PO*0005099440
DTM*999*20111218
RMR*IV*277514676**4.21*4.25*0.04*PT*0
REF*PO*0075071581
DTM*999*20111219
RMR*IV*491218036**8.12*8.2*0.08*PT*0
REF*PO*0012004120
DTM*999*20111219
RMR*IV*194386194**8.16*8.24*0.08*PT*0
REF*PO*0043082432
DTM*999*20111219
RMR*IV*492841636**9.5*9.6*0.1*PT*0
REF*PO*0028088615
DTM*999*20111219
RMR*IV*492327720**9.5*9.6*0.1*PT*0
REF*PO*0023062083
DTM*999*20111219
RMR*IV*191762554**17.04*17.21*0.17*PT*0
REF*PO*0017001302
DTM*999*20111219
RMR*IV*300403177**30.84*31.15*0.31*PT*0
REF*PO*0004083691
DTM*999*20111219
RMR*IV*192695107**61.12*61.74*0.62*PT*0
REF*PO*0026087437
DTM*999*20111219
RMR*IV*494012374**4.95*5*0.05*PT*0
REF*PO*0040083048
DTM*999*20111218
RMR*IV*696167748**4.95*5*0.05*PT*0
REF*PO*0061062150
DTM*999*20111218
RMR*IV*320172825**4.95*5*0.05*PT*0
REF*PO*0001028931
DTM*999*20111218
RMR*IV*302516880**4.95*5*0.05*PT*0
REF*PO*0025006742
DTM*999*20111218
RMR*IV*220953887**12.87*13*0.13*PT*0
REF*PO*0009007469
DTM*999*20111218
RMR*IV*281355630**27.12*27.39*0.27*PT*0
REF*PO*0013041194
DTM*999*20111218
RMR*IV*303421437**74.5*75.25*0.75*PT*0
REF*PO*0034035242
DTM*999*20111218
RMR*IV*221319569**3.46*3.5*0.04*PT*0
REF*PO*0013010533
DTM*999*20111219
RMR*IV*301589628**3.46*3.5*0.04*PT*0
REF*PO*0015039547
DTM*999*20111219
RMR*IV*302481515**4.95*5*0.05*PT*0
REF*PO*0024005446
DTM*999*20111219
RMR*IV*303304384**4.95*5*0.05*PT*0
REF*PO*0033082742
DTM*999*20111219
RMR*IV*302942472**4.95*5*0.05*PT*0
REF*PO*0029026970
DTM*999*20111219
RMR*IV*220335969**4.95*5*0.05*PT*0
REF*PO*0003083385
DTM*999*20111219
RMR*IV*192175774**11.87*11.99*0.12*PT*0
REF*PO*0021000323
DTM*999*20111219
RMR*IV*300274954**1.73*1.75*0.02*PT*0
REF*PO*0002032695
DTM*999*20111218
RMR*IV*302135664**34.9*35.25*0.35*PT*0
REF*PO*0021036194
DTM*999*20111218
RMR*IV*198022975**44.3*44.75*0.45*PT*0
REF*PO*0080006180
DTM*999*20111219
RMR*IV*284138912**4.45*4.5*0.05*PT*0
REF*PO*0041096448
DTM*999*20111218
RMR*IV*220755571**7.67*7.75*0.08*PT*0
REF*PO*0007052290
DTM*999*20111218
RMR*IV*302779913**7.67*7.75*0.08*PT*0
REF*PO*0027088365
DTM*999*20111218
RMR*IV*191309831**50.89*51.4*0.51*PT*0
REF*PO*0013085408
DTM*999*20111219
RMR*IV*490633157**5.2*5.25*0.05*PT*0
REF*PO*0006050899
DTM*999*20111218
RMR*IV*221186612**5.2*5.25*0.05*PT*0
REF*PO*0011009426
DTM*999*20111218
RMR*IV*190838992**5.2*5.25*0.05*PT*0
REF*PO*0008046826
DTM*999*20111218
RMR*IV*194276642**5.2*5.25*0.05*PT*0
REF*PO*0042042535
DTM*999*20111218
RMR*IV*191492089**5.2*5.25*0.05*PT*0
REF*PO*0014089679
DTM*999*20111218
RMR*IV*282531231**5.2*5.25*0.05*PT*0
REF*PO*0025000742
DTM*999*20111218
RMR*IV*320328227**8.12*8.2*0.08*PT*0
REF*PO*0003063940
DTM*999*20111218
RMR*IV*210798088**8.12*8.2*0.08*PT*0
REF*PO*0007032769
DTM*999*20111218
RMR*IV*302481289**11.63*11.75*0.12*PT*0
REF*PO*0024005385
DTM*999*20111218
RMR*IV*301051673**15.84*16*0.16*PT*0
REF*PO*0010074579
DTM*999*20111218
RMR*IV*302942278**20.05*20.25*0.2*PT*0
REF*PO*0029026905
DTM*999*20111218
RMR*IV*284055912**25.24*25.49*0.25*PT*0
REF*PO*0040073023
DTM*999*20111218
RMR*IV*301051887**10.89*11*0.11*PT*0
REF*PO*0010074646
DTM*999*20111219
RMR*IV*198230224**15.84*16*0.16*PT*0
REF*PO*0082017432
DTM*999*20111219
RMR*IV*195532799**20.78*20.99*0.21*PT*0
REF*PO*0055046490
DTM*999*20111219
RMR*IV*490633354**3.17*3.2*0.03*PT*0
REF*PO*0006050958
DTM*999*20111219
RMR*IV*198473011**3.17*3.2*0.03*PT*0
REF*PO*0084022261
DTM*999*20111219
RMR*IV*282932536**3.17*3.2*0.03*PT*0
REF*PO*0029070458
DTM*999*20111219
RMR*IV*210337397**3.17*3.2*0.03*PT*0
REF*PO*0003006352
DTM*999*20111219
RMR*IV*280415444**14.11*14.25*0.14*PT*0
REF*PO*0004061693
DTM*999*20111219
RMR*IV*190839175**74.99*75.75*0.76*PT*0
REF*PO*0008046891
DTM*999*20111219
RMR*IV*280840717**27.67*27.95*0.28*PT*0
REF*PO*0008046740
DTM*999*20111218
RMR*IV*197396814**42.82*43.25*0.43*PT*0
REF*PO*0073053988
DTM*999*20111218
RMR*IV*670108387**55.34*55.9*0.56*PT*0
REF*PO*0001079849
DTM*999*20111218
RMR*IV*210858517**2.92*2.95*0.03*PT*0
REF*PO*0008020376
DTM*999*20111219
RMR*IV*221655292**9.9*10*0.1*PT*0
REF*PO*0016058870
DTM*999*20111219
RMR*IV*494012413**14.45*14.6*0.15*PT*0
REF*PO*0040083103
DTM*999*20111219
RMR*IV*302247304**22.27*22.5*0.23*PT*0
REF*PO*0022085198
DTM*999*20111219
RMR*IV*196440511**26.72*26.99*0.27*PT*0
REF*PO*0064016566
DTM*999*20111218
RMR*IV*198022765**69.79*70.49*0.7*PT*0
REF*PO*0080006104
DTM*999*20111218
RMR*IV*220279864**69.99*70.7*0.71*PT*0
REF*PO*0002034509
DTM*999*20111218
RMR*IV*192486140**6.93*7*0.07*PT*0
REF*PO*0024083933
DTM*999*20111219
RMR*IV*282108504**23.41*23.65*0.24*PT*0
REF*PO*0021038101
DTM*999*20111219
RMR*IV*281355792**23.51*23.75*0.24*PT*0
REF*PO*0013041264
DTM*999*20111219
RMR*IV*280605043**7.42*7.49*0.07*PT*0
REF*PO*0006044268
DTM*999*20111219
RMR*IV*302517048**7.42*7.5*0.08*PT*0
REF*PO*0025006797
DTM*999*20111219
RMR*IV*692063242**25.24*25.5*0.26*PT*0
REF*PO*0020084525
DTM*999*20111219
RMR*IV*192694938**79.44*80.24*0.8*PT*0
REF*PO*0026087375
DTM*999*20111218
RMR*IV*194443945**75.59*76.35*0.76*PT*0
REF*PO*0044024113
DTM*999*20111219
RMR*IV*192053799**14.83*14.98*0.15*PT*0
REF*PO*0020088554
DTM*999*20111219
RMR*IV*194276798**14.83*14.98*0.15*PT*0
REF*PO*0042042603
DTM*999*20111219
RMR*IV*430102369**6.34*6.4*0.06*PT*0
REF*PO*0001008270
DTM*999*20111219
RMR*IV*492142974**6.34*6.4*0.06*PT*0
REF*PO*0021048527
DTM*999*20111219
RMR*IV*491644688**16.73*16.9*0.17*PT*0
REF*PO*0016012119
DTM*999*20111219
RMR*IV*300177249**16.83*17*0.17*PT*0
REF*PO*0001057540
DTM*999*20111219
RMR*IV*300360179**43.31*43.75*0.44*PT*0
REF*PO*0003037588
DTM*999*20111219
RMR*IV*195652911**12.37*12.5*0.13*PT*0
REF*PO*0056089753
DTM*999*20111219
RMR*IV*195728567**6.14*6.2*0.06*PT*0
REF*PO*0057042788
DTM*999*20111219
RMR*IV*195207918**13.36*13.5*0.14*PT*0
REF*PO*0052021805
DTM*999*20111219
RMR*IV*899435489**13.36*13.5*0.14*PT*0
REF*PO*0094045233
DTM*999*20111219
RMR*IV*492646025**13.51*13.65*0.14*PT*0
REF*PO*0026043489
DTM*999*20111219
RMR*IV*198327542**87.79*88.68*0.89*PT*0
REF*PO*0083018546
DTM*999*20111219
RMR*IV*197504873**5.92*5.98*0.06*PT*0
REF*PO*0075083645
DTM*999*20111219
RMR*IV*190994620**5.92*5.98*0.06*PT*0
REF*PO*0009049857
DTM*999*20111219
RMR*IV*193643689**5.92*5.98*0.06*PT*0
REF*PO*0036064785
DTM*999*20111219
RMR*IV*493048952**5.94*6*0.06*PT*0
REF*PO*0030000213
DTM*999*20111219
RMR*IV*859892148**69.19*69.89*0.7*PT*0
REF*PO*0098068491
DTM*999*20111219
RMR*IV*300962077**33.91*34.25*0.34*PT*0
REF*PO*0009039336
DTM*999*20111219
RMR*IV*190285934**34.15*34.49*0.34*PT*0
REF*PO*0002071352
DTM*999*20111219
RMR*IV*193836466**52.72*53.25*0.53*PT*0
REF*PO*0038075491
DTM*999*20111219
RMR*IV*198759703**165.66*167.33*1.67*PT*0
REF*PO*0087066287
DTM*999*20111219
RMR*OS*19167095**-3.5*-3.5*0*CM*0
REF*PO*CONSIGNM
DTM*999*20111228
RMR*OS*69616753**-2.5*-2.5*0*CM*0
REF*PO*CONSIGNM
DTM*999*20111228
RMR*OS*69233681**-2.5*-2.5*0*CM*0
REF*PO*CONSIGNM
DTM*999*20111228
RMR*OS*49128692**-7.5*-7.5*0*CM*0
REF*PO*CONSIGNM
DTM*999*20111228
RMR*OS*19167098**-1.75*-1.75*0*CM*0
REF*PO*CONSIGNM
DTM*999*20111229
RMR*OS*22036730**-1.75*-1.75*0*CM*0
REF*PO*CONSIGNM
DTM*999*20111228
SE*1310*0027

