ISA*00*          *00*          *14*072271711USAP  *12*8478692257     *140205*0735*^*00406*000500282*0*P*>
GS*RA*072271711USAP*8478692257*20140205*0735*500282*X*004060
ST*820*0283
BPR*I*214.83*C*ACH*PBC
TRN*1*2000060353
CUR*BY*USD
REF*ZZ*2000060353
DTM*020*20140206
N1*PE*BOTANICAL ELEMENTS, INC.
REF*VR*871940
N1*PR*HOME DEPOT U.S.A., INC.
ENT*1
RMR*IV*620895256**8.66*8.75*0.09*PT*0
REF*PO*0008047934
DTM*999*20140122
RMR*IV*091998338**2.47*2.5*0.03*PT*0
REF*PO*0019046271
DTM*999*20140121
RMR*IV*191625376**2.47*2.5*0.03*PT*0
REF*PO*0016004301
DTM*999*20140121
RMR*IV*184857458**2.47*2.5*0.03*PT*0
REF*PO*0048028410
DTM*999*20140121
RMR*IV*410142363**2.47*2.5*0.03*PT*0
REF*PO*0001008895
DTM*999*20140121
RMR*IV*348122264**2.47*2.5*0.03*PT*0
REF*PO*0081059752
DTM*999*20140121
RMR*IV*284492645**2.47*2.5*0.03*PT*0
REF*PO*0044082223
DTM*999*20140121
RMR*IV*274325692**2.47*2.5*0.03*PT*0
REF*PO*0043006137
DTM*999*20140121
RMR*IV*265386122**2.47*2.5*0.03*PT*0
REF*PO*0053013377
DTM*999*20140121
RMR*IV*198029408**1.24*1.25*0.01*PT*0
REF*PO*0080044086
DTM*999*20140121
RMR*IV*380676638**1.24*1.25*0.01*PT*0
REF*PO*0006006338
DTM*999*20140121
RMR*IV*128733976**1.24*1.25*0.01*PT*0
REF*PO*0087051056
DTM*999*20140121
RMR*IV*846652714**1.24*1.25*0.01*PT*0
REF*PO*0066034610
DTM*999*20140121
RMR*IV*617872011**7.42*7.5*0.08*PT*0
REF*PO*0078040768
DTM*999*20140121
RMR*IV*221397452**7.42*7.5*0.08*PT*0
REF*PO*0013043196
DTM*999*20140121
RMR*IV*615398492**7.42*7.5*0.08*PT*0
REF*PO*0053097062
DTM*999*20140121
RMR*IV*261281949**3.71*3.75*0.04*PT*0
REF*PO*0012073167
DTM*999*20140121
RMR*IV*240777753**3.71*3.75*0.04*PT*0
REF*PO*0007080221
DTM*999*20140121
RMR*IV*692833459**13.61*13.75*0.14*PT*0
REF*PO*0028095566
DTM*999*20140121
RMR*IV*265386243**4.95*5*0.05*PT*0
REF*PO*0053013413
DTM*999*20140122
RMR*IV*098490536**1.24*1.25*0.01*PT*0
REF*PO*0084042788
DTM*999*20140122
RMR*IV*125540785**1.24*1.25*0.01*PT*0
REF*PO*0055075900
DTM*999*20140122
RMR*IV*418189924**1.24*1.25*0.01*PT*0
REF*PO*0081087930
DTM*999*20140122
RMR*IV*281222993**1.24*1.25*0.01*PT*0
REF*PO*0012080797
DTM*999*20140122
RMR*IV*267224943**1.24*1.25*0.01*PT*0
REF*PO*0072006807
DTM*999*20140122
RMR*IV*615398573**14.85*15*0.15*PT*0
REF*PO*0053097087
DTM*999*20140122
RMR*IV*450268918**7.42*7.5*0.08*PT*0
REF*PO*0002053607
DTM*999*20140122
RMR*IV*127823978**6.19*6.25*0.06*PT*0
REF*PO*0078007155
DTM*999*20140121
RMR*IV*256283207**6.19*6.25*0.06*PT*0
REF*PO*0062043357
DTM*999*20140121
RMR*IV*382438967**6.19*6.25*0.06*PT*0
REF*PO*0024039201
DTM*999*20140121
RMR*IV*692307661**11.14*11.25*0.11*PT*0
REF*PO*0023065722
DTM*999*20140121
RMR*IV*266378840**23.51*23.75*0.24*PT*0
REF*PO*0063097909
DTM*999*20140121
RMR*IV*096307392**4.95*5*0.05*PT*0
REF*PO*0063009378
DTM*999*20140121
RMR*IV*620895231**4.95*5*0.05*PT*0
REF*PO*0008047910
DTM*999*20140121
RMR*IV*348656043**4.95*5*0.05*PT*0
REF*PO*0086053048
DTM*999*20140121
RMR*IV*220536384**24.75*25*0.25*PT*0
REF*PO*0005029135
DTM*999*20140121
RMR*IV*120917480**2.47*2.5*0.03*PT*0
REF*PO*0009053603
DTM*999*20140122
RMR*IV*221397532**2.47*2.5*0.03*PT*0
REF*PO*0013043233
DTM*999*20140122
RMR*IV*666298448**2.47*2.5*0.03*PT*0
REF*PO*0062000464
DTM*999*20140122
RMR*IV*260374243**2.47*2.5*0.03*PT*0
REF*PO*0003074989
DTM*999*20140122
RMR*IV*265101854**2.47*2.5*0.03*PT*0
REF*PO*0051050138
DTM*999*20140122
RMR*IV*414244470**3.71*3.75*0.04*PT*0
REF*PO*0042003732
DTM*999*20140122
RMR*IV*241011199**3.71*3.75*0.04*PT*0
REF*PO*0010007941
DTM*999*20140122
RMR*OS*06180016**-2.5*-2.5*0*CM*0
REF*PO*CONSIGNM
DTM*999*20140203
RMR*OS*19014868**-5.35*-5.35*0*CM*0
REF*PO*CONSIGNM
DTM*999*20140202
SE*146*0283
GE*1*500282
IEA*1*000500282
