ISA*00*          *00*          *08*6111253006     *01*148468275      *061222*1858*U*00401*000000078*0*P*?
GS*FA*6111253006*148468275*20061222*1858*78*X*004010
ST*997*0001
AK1*SH*13606
AK9*A*1*1*1
SE*4*0001
GE*1*78
IEA*1*000000078
ISA*00*          *00*          *08*6111250028     *01*148468275      *061222*1904*U*00401*001000148*0*P*?
GS*RA*6111250028*148468275*20061222*1904*1000149*X*004010
ST*820*0001
BPR*I*34521.5*C*ACH*CCP*01*071000288*DA*3695327*1421683395**01*122238572*DA*150001196*20061229
TRN*1*H30694
DTM*097*20061226
N1*PR*ORCHARD HARDWARE
N1*PE**92*000452540
ENT*1
NM1*BY*2******92*5675
RMR*IV*295866**859.1*859.1
REF*DP*311
REF*BT*05711206
DTM*003*20061124
ENT*2
NM1*BY*2******92*5318
RMR*IV*295869**650.98*650.98
REF*DP*311
REF*BT*05711206
DTM*003*20061124
ENT*3
NM1*BY*2******92*5652
RMR*IV*295870**523.5*523.5
REF*DP*311
REF*BT*05711206
DTM*003*20061124
ENT*4
NM1*BY*2******92*5316
RMR*IV*295872**746.75*746.75
REF*DP*311
REF*BT*05711206
DTM*003*20061124
ENT*5
NM1*BY*2******92*5656
RMR*IV*295874**924.9*924.9
REF*DP*311
REF*BT*05711206
DTM*003*20061124
ENT*6
NM1*BY*2******92*5657
RMR*IV*295875**735.58*735.58
REF*DP*311
REF*BT*05711206
DTM*003*20061124
ENT*7
NM1*BY*2******92*5658
RMR*IV*295876**637.24*637.24
REF*DP*311
REF*BT*05711206
DTM*003*20061124
ENT*8
NM1*BY*2******92*5659
RMR*IV*295877**859.1*859.1
REF*DP*311
REF*BT*05711206
DTM*003*20061124
ENT*9
NM1*BY*2******92*5666
RMR*IV*295878**872.84*872.84
REF*DP*311
REF*BT*05711206
DTM*003*20061124
ENT*10
NM1*BY*2******92*5667
RMR*IV*295879**650.98*650.98
REF*DP*311
REF*BT*05711206
DTM*003*20061124
ENT*11
NM1*BY*2******92*5662
RMR*IV*295880**759.1*759.1
REF*DP*311
REF*BT*05711206
DTM*003*20061124
ENT*12
NM1*BY*2******92*5632
RMR*IV*295881**481.06*481.06
REF*DP*311
REF*BT*05711206
DTM*003*20061124
ENT*13
NM1*BY*2******92*5663
RMR*IV*295882**1067.22*1067.22
REF*DP*311
REF*BT*05711206
DTM*003*20061124
ENT*14
NM1*BY*2******92*5314
RMR*IV*295884**415.38*415.38
REF*DP*311
REF*BT*05711206
DTM*003*20061124
ENT*15
NM1*BY*2******92*5669
RMR*IV*295885**732.6*732.6
REF*DP*311
REF*BT*05711206
DTM*003*20061124
ENT*16
NM1*BY*2******92*5664
RMR*IV*295886**967.22*967.22
REF*DP*311
REF*BT*05711206
DTM*003*20061124
ENT*17
NM1*BY*2******92*5665
RMR*IV*295887**537.24*537.24
REF*DP*311
REF*BT*05711206
DTM*003*20061124
ENT*18
NM1*BY*2******92*5671
RMR*IV*295888**415.38*415.38
REF*DP*311
REF*BT*05711206
DTM*003*20061124
ENT*19
NM1*BY*2******92*5319
RMR*IV*295889**415.38*415.38
REF*DP*311
REF*BT*05711206
DTM*003*20061124
ENT*20
NM1*BY*2******92*5672
RMR*IV*295890**523.5*523.5
REF*DP*311
REF*BT*05711206
DTM*003*20061124
ENT*21
NM1*BY*2******92*5343
RMR*IV*295891**523.5*523.5
REF*DP*311
REF*BT*05711206
DTM*003*20061124
ENT*22
NM1*BY*2******92*5313
RMR*IV*295892**203.88*203.88
REF*DP*311
REF*BT*05711206
DTM*003*20061125
ENT*23
NM1*BY*2******92*5409
RMR*IV*295895**503.94*503.94
REF*DP*311
REF*BT*05711206
DTM*003*20061125
ENT*24
NM1*BY*2******92*5359
RMR*IV*295896**637.24*637.24
REF*DP*311
REF*BT*05711206
DTM*003*20061124
ENT*25
NM1*BY*2******92*5629
RMR*IV*296047**409.96*409.96
REF*DP*311
REF*BT*05711206
DTM*003*20061124
ENT*26
NM1*BY*2******92*5632
RMR*IV*296050**645.76*645.76
REF*DP*311
REF*BT*05711206
DTM*003*20061124
ENT*27
NM1*BY*2******92*5316
RMR*IV*296053**636.08*636.08
REF*DP*311
REF*BT*05711206
DTM*003*20061124
ENT*28
NM1*BY*2******92*5672
RMR*IV*296075**658.99*658.99
REF*DP*311
REF*BT*05711206
DTM*003*20061124
ENT*29
NM1*BY*2******92*5658
RMR*IV*296079**544.66*544.66
REF*DP*311
REF*BT*05711206
DTM*003*20061124
ENT*30
NM1*BY*2******92*5669
RMR*IV*296081**534.13*534.13
REF*DP*311
REF*BT*05711206
DTM*003*20061124
ENT*31
NM1*BY*2******92*5665
RMR*IV*296085**528.56*528.56
REF*DP*311
REF*BT*05711206
DTM*003*20061124
ENT*32
NM1*BY*2******92*5343
RMR*IV*296086**919.06*919.06
REF*DP*311
REF*BT*05711206
DTM*003*20061124
ENT*33
NM1*BY*2******92*5656
RMR*IV*296147**1742.2*1742.2
REF*DP*311
REF*BT*05711206
DTM*003*20061124
ENT*34
NM1*BY*2******92*5657
RMR*IV*296156**748.84*748.84
REF*DP*311
REF*BT*05711211
DTM*003*20061124
ENT*35
NM1*BY*2******92*5675
RMR*IV*296161**920.56*920.56
REF*DP*311
REF*BT*05711206
DTM*003*20061124
ENT*36
NM1*BY*2******92*5662
RMR*IV*296175**579.44*579.44
REF*DP*311
REF*BT*05711206
DTM*003*20061124
ENT*37
NM1*BY*2******92*5671
RMR*IV*296176**360.34*360.34
REF*DP*311
REF*BT*05711206
DTM*003*20061124
ENT*38
NM1*BY*2******92*5659
RMR*IV*296177**233.46*233.46
REF*DP*311
REF*BT*05711206
DTM*003*20061124
ENT*39
NM1*BY*2******92*5659
RMR*IV*296181**945.81*945.81
REF*DP*311
REF*BT*05711206
DTM*003*20061124
ENT*40
NM1*BY*2******92*5663
RMR*IV*296185**2329.9*2329.9
REF*DP*311
REF*BT*05711206
DTM*003*20061124
ENT*41
NM1*BY*2******92*5319
RMR*IV*296187**519.39*519.39
REF*DP*311
REF*BT*05711206
DTM*003*20061124
ENT*42
NM1*BY*2******92*5666
RMR*IV*296210**863.18*863.18
REF*DP*311
REF*BT*05711206
DTM*003*20061125
ENT*43
NM1*BY*2******92*5359
RMR*IV*296211**574.21*574.21
REF*DP*311
REF*BT*05711206
DTM*003*20061125
ENT*44
NM1*BY*2******92*5313
RMR*IV*296212**713.5*713.5
REF*DP*311
REF*BT*05711206
DTM*003*20061125
ENT*45
NM1*BY*2******92*5318
RMR*IV*296213**632.6*632.6
REF*DP*311
REF*BT*05711206
DTM*003*20061125
ENT*46
NM1*BY*2******92*5663
RMR*IV*296271**950.2*950.2
REF*DP*311
REF*BT*05711206
DTM*003*20061125
ENT*47
NM1*BY*2******92*5409
RMR*IV*296281**1018.06*1018.06
REF*DP*311
REF*BT*05711206
DTM*003*20061125
ENT*48
NM1*BY*2******92*5314
RMR*IV*296293**869*869
REF*DP*311
REF*BT*05711206
DTM*003*20061125
SE*295*0001
GE*1*1000149
IEA*1*001000148
ISA*00*          *00*          *14*0722717110100  *01*148468275      *061222*1958*|*00406*000004888*0*P*>
GS*CD*072271711*148468275*20061222*1958*3*X*004060
ST*812*000000020
BCD*20061221*006106356*O*2700*D**0000000000******ST*610
N9*VR*000187714
N9*RZ*CONSIGNMENT MERCH
N9*DP*28
N9*L1*25
N9*ZZ*14
N9*MB*0000000000
FOB*CC
SHD*0*0*CT
N1*BT*COLORAMA WHOLESALE NURSE
N3*1025 NORTH TODD AVENUE
N4*AZUSA*CA*91702
N1*SN*S SAN BERNARDINO
N3*695 HOSPITALITY LANE
N4*SAN BERNARDINO*CA*92408
CDD*RM*D*****4*EA**UCP*6.75*ICL*27*ANNUAL HALF FLATS ASST(1.1G/4L)
LIN**SK*614519*VP*614519
SE*19*000000020
ST*812*000000021
BCD*20061221*006675680*O*1127*D**0000000000******ST*667
N9*VR*000187714
N9*RZ*CONSIGNMENT MERCH
N9*DP*28
N9*L1*25
N9*ZZ*14
N9*MB*0000000000
FOB*CC
SHD*0*0*CT
N1*BT*COLORAMA WHOLESALE NURSE
N3*1025 NORTH TODD AVENUE
N4*AZUSA*CA*91702
N1*SN*RANCHO MIRAGE
N3*34249 MONTEREY AVE
N4*RANCHO MIRAGE*CA*92270
CDD*RM*D*****1*EA**UCP*11.27*ICL*11.27*ANNUAL 49ER FLAT ASST(1.3G/4.9L)
LIN**SK*614623*VP*614623
SE*19*000000021
ST*812*000000022
BCD*20061221*006807455*O*675*D**0000000000******ST*680
N9*VR*000187714
N9*RZ*CONSIGNMENT MERCH
N9*DP*28
N9*L1*25
N9*ZZ*14
N9*MB*0000000000
FOB*CC
SHD*0*0*CT
N1*BT*COLORAMA WHOLESALE NURSE
N3*1025 NORTH TODD AVENUE
N4*AZUSA*CA*91702
N1*SN*GENESEE
N3*4255 GENESEE
N4*SAN DIEGO*CA*92117
CDD*RM*D*****1*EA**UCP*6.75*ICL*6.75*ANNUAL HALF FLATS ASST(1.1G/4L)
LIN**SK*614519*VP*614519
SE*19*000000022
ST*812*000000023
BCD*20061221*006831744*O*488*D**0000000000******ST*683
N9*VR*000187714
N9*RZ*CONSIGNMENT MERCH
N9*DP*28
N9*L1*25
N9*ZZ*14
N9*MB*0000000000
FOB*CC
SHD*0*0*CT
N1*BT*COLORAMA WHOLESALE NURSE
N3*1025 NORTH TODD AVENUE
N4*AZUSA*CA*91702
N1*SN*SAN BERNARDINO
N3*1055 W 21ST STREET
N4*SAN BERNARDINO*CA*92405
CDD*RM*D*****2*EA**UCP*2.44*ICL*4.88*CYCLAMEN OUTDOOR 4IN
LIN**SK*260429*VP*260429
SE*19*000000023
ST*812*000000024
BCD*20061221*018400718*O*7510*D**0000000000******ST*1840
N9*VR*000187714
N9*RZ*CONSIGNMENT MERCH
N9*DP*28
N9*L1*25
N9*ZZ*14
N9*MB*0000000000
FOB*CC
SHD*0*0*CT
N1*BT*COLORAMA WHOLESALE NURSE
N3*1025 NORTH TODD AVENUE
N4*AZUSA*CA*91702
N1*SN*EL TORO
N3*23651 EL TORO RD
N4*LAKE FOREST*CA*92630
CDD*RM*D*****17*EA**UCP*1.9*ICL*32.3*ANNUAL BEDDING JUMBO 6PK (1.1QT/1L)
LIN**SK*533223*VP*533223
CDD*RM*D*****4*EA**UCP*10.7*ICL*42.8*ANNUAL PRO 18 PAK (2.02G/7.66L)
LIN**SK*614513*VP*614513
SE*21*000000024
ST*812*000000025
BCD*20061221*066118326*O*449*D**0000000000******ST*6611
N9*VR*000187714
N9*RZ*CONSIGNMENT MERCH
N9*DP*28
N9*L1*25
N9*ZZ*14
N9*MB*0000000000
FOB*CC
SHD*0*0*CT
N1*BT*COLORAMA WHOLESALE NURSE
N3*1025 NORTH TODD AVENUE
N4*AZUSA*CA*91702
N1*SN*MARINA DEL REY
N3*12975 W JEFFERSON BLVD
N4*LOS ANGELES*CA*90066
CDD*RM*D*****1*EA**UCP*2.05*ICL*2.05*HERB 5.5IN ASST(39FLOZ/1.1L)
LIN**SK*613835*VP*613835
CDD*RM*D*****1*EA**UCP*2.44*ICL*2.44*ROSE MINI 1 QT(25.36FLOZ/750ML)
LIN**SK*614474*VP*614474
SE*21*000000025
ST*812*000000026
BCD*20061221*066292699*O*760*D**0000000000******ST*6629
N9*VR*000187714
N9*RZ*CONSIGNMENT MERCH
N9*DP*28
N9*L1*25
N9*ZZ*14
N9*MB*0000000000
FOB*CC
SHD*0*0*CT
N1*BT*COLORAMA WHOLESALE NURSE
N3*1025 NORTH TODD AVENUE
N4*AZUSA*CA*91702
N1*SN*MONROVIA
N3*1625 S MOUNTAIN AVE
N4*MONROVIA*CA*91016
CDD*RM*D*****4*EA**UCP*1.9*ICL*7.6*ANNUAL BEDDING JUMBO 6PK (1.1QT/1L)
LIN**SK*533223*VP*533223
SE*19*000000026
ST*812*000000027
BCD*20061221*066478066*O*2050*D**0000000000******ST*6647
N9*VR*000187714
N9*RZ*CONSIGNMENT MERCH
N9*DP*28
N9*L1*25
N9*ZZ*14
N9*MB*0000000000
FOB*CC
SHD*0*0*CT
N1*BT*COLORAMA WHOLESALE NURSE
N3*1025 NORTH TODD AVENUE
N4*AZUSA*CA*91702
N1*SN*ANAHEIM (RELO)
N3*800 N BROOKHURST ST
N4*ANAHEIM*CA*92801
CDD*RM*D*****10*EA**UCP*2.05*ICL*20.5*ANNUAL STOCK 1G (.0634G/2.4L)
LIN**SK*607156*VP*607156
SE*19*000000027
ST*812*000000028
BCD*20061221*066511227*O*240*D**0000000000******ST*6651
N9*VR*000187714
N9*RZ*CONSIGNMENT MERCH
N9*DP*28
N9*L1*25
N9*ZZ*14
N9*MB*0000000000
FOB*CC
SHD*0*0*CT
N1*BT*COLORAMA WHOLESALE NURSE
N3*1025 NORTH TODD AVENUE
N4*AZUSA*CA*91702
N1*SN*LANCASTER
N3*44226 20TH ST WEST
N4*LANCASTER*CA*93534
CDD*RM*D*****1*EA**UCP*2.4*ICL*2.4*PENTAS 1G (.0634G/2.4L)
LIN**SK*591683*VP*591683
SE*19*000000028
ST*812*000000029
BCD*20061221*069521985*O*410*D**0000000000******ST*6952
N9*VR*000187714
N9*RZ*CONSIGNMENT MERCH
N9*DP*28
N9*L1*25
N9*ZZ*14
N9*MB*0000000000
FOB*CC
SHD*0*0*CT
N1*BT*COLORAMA WHOLESALE NURSE
N3*1025 NORTH TODD AVENUE
N4*AZUSA*CA*91702
N1*SN*STANTON
N3*12131 BEACH BLVD
N4*STANTON*CA*90680
CDD*RM*D*****2*EA**UCP*2.05*ICL*4.1*ANNUAL STOCK 1G (.0634G/2.4L)
LIN**SK*607156*VP*607156
SE*19*000000029
GE*10*3
IEA*1*000004888
ISA*00*          *00*          *14*0722717110100  *01*148468275      *061223*0339*|*00406*000004889*0*P*>
GS*PO*072271711*148468275*20061223*0339*4265*X*004060
ST*850*000024915
BEG*00*CN*67084870**20061223*0667084870
CUR*BY*USD
DTM*038*20061224
N1*OB**92*0667
N3*34249 MONTEREY AVE
N4*RANCHO MIRAGE*CA*92270
REF*DP*028
REF*3J*0005
REF*MR*0000073179
PO1*0001*10*EA*15.2**VP*210272*SK*210272*UP*732336146663
PID*F****JUMBO COLOR PACK FULL FLAT
PO4**1*EA
PO1*0002*15*EA*2.44**VP*260429*SK*260429*UP*732336450500
PID*F****CYCLAMEN OUTDOOR 4IN
PO4**16*EA
PO1*0003*6*EA*4.95**VP*322254*SK*322254*UP*732336490506
PID*F****CYCLAMEN 6IN 1.4 QT (1.32L)
PO4**1*EA
PO1*0004*45*EA*1.9**VP*533223*SK*533223*UP*732336100009
PID*F****ANNUAL BEDDING JUMBO 6PK (1.1QT/1L)
PO4**8*EA
PO1*0005*1*EA*2.4**VP*594300*SK*594300*UP*732336370426
PID*F****LAVANDULA LAVENDER 1G(.0634G/2.4L)
PO4**1*EA
PO1*0006*1*EA*2.4**VP*601412*SK*601412*UP*732336370389
PID*F****EURYOPS 1G (.0634G/2.4L)
PO4**1*EA
PO1*0007*7*EA*2.05**VP*607895*SK*607895*UP*732336352651
PID*F****SNAPDRAGON 1G (.0634G/2.4L)
PO4**1*EA
PO1*0008*6*EA*2.61**VP*611017*SK*611017*UP*732336372000
PID*F****GERANIUM ZONAL 1G(.0634G/2.4L)
PO4**1*EA
PO1*0009*7*EA*9.3**VP*611441*SK*611441*UP*732336602503
PID*F****ANNUAL 14IN COLOR BOWL(2.08G/7.87L)
PO4**1*EA
PO1*0010*17*EA*1.36**VP*611724*SK*611724*UP*732336451002
PID*F****GERANIUM ZONAL 4IN (1.2PT/574ML)
PO4**1*EA
PO1*0011*1*EA*9.4**VP*613605*SK*613605*UP*732336400109
PID*F****PERENNIAL 10 IN HB ASST(1.42G/5.39L)
PO4**1*EA
PO1*0012*8*EA*10.7**VP*614513*SK*614513*UP*732336190000
PID*F****ANNUAL PRO 18 PAK (2.02G/7.66L)
PO4**1*EA
PO1*0013*1*EA*6.75**VP*614519*SK*614519*UP*732336170002
PID*F****ANNUAL HALF FLATS ASST(1.1G/4L)
PO4**1*EA
CTT*13*125
AMT*TT*643.57
SE*52*000024915
ST*850*000024916
BEG*00*CN*83065616**20061223*1083065616
CUR*BY*USD
DTM*038*20061224
N1*OB**92*1083
N3*1401 E 19TH ST
N4*UPLAND*CA*91784
REF*DP*028
REF*3J*0005
REF*MR*0000073179
PO1*0001*6*EA*15.2**VP*210272*SK*210272*UP*732336146663
PID*F****JUMBO COLOR PACK FULL FLAT
PO4**1*EA
PO1*0002*69*EA*1.9**VP*533223*SK*533223*UP*732336100009
PID*F****ANNUAL BEDDING JUMBO 6PK (1.1QT/1L)
PO4**8*EA
PO1*0003*7*EA*2.05**VP*606928*SK*606928*UP*732336352026
PID*F****PAPAVER ICELAND POPPY 1G(.0634G/2.4L
PO4**1*EA
PO1*0004*4*EA*1.81**VP*611248*SK*611248*UP*732336090003
PID*F****PERENNIAL 1QT (25.36FLOZ/750ML)
PO4**1*EA
PO1*0005*2*EA*7.61**VP*611341*SK*611341*UP*732336601001
PID*F****ANNUAL COLOR BOWL 12IN(1.31G/4.95L)
PO4**1*EA
PO1*0006*1*EA*9.3**VP*611441*SK*611441*UP*732336602503
PID*F****ANNUAL 14IN COLOR BOWL(2.08G/7.87L)
PO4**1*EA
PO1*0007*2*EA*1.36**VP*611724*SK*611724*UP*732336451002
PID*F****GERANIUM ZONAL 4IN (1.2PT/574ML)
PO4**1*EA
PO1*0008*2*EA*1.61**VP*613218*SK*613218*UP*732336440006
PID*F****PERENNIAL WINNER 4IN (1.2PT/574ML)
PO4**1*EA
PO1*0009*8*EA*10.7**VP*614513*SK*614513*UP*732336190000
PID*F****ANNUAL PRO 18 PAK (2.02G/7.66L)
PO4**1*EA
PO1*0010*1*EA*6.75**VP*614519*SK*614519*UP*732336170002
PID*F****ANNUAL HALF FLATS ASST(1.1G/4L)
PO4**1*EA
CTT*10*102
AMT*TT*435.82
SE*43*000024916
ST*850*000024917
BEG*00*CN*40006019**20061223*1840006019
CUR*BY*USD
DTM*038*20061224
N1*OB**92*1840
N3*23651 EL TORO RD
N4*LAKE FOREST*CA*92630
REF*DP*028
REF*3J*0005
REF*MR*0000073179
PO1*0001*1*EA*15.2**VP*210272*SK*210272*UP*732336146663
PID*F****JUMBO COLOR PACK FULL FLAT
PO4**1*EA
PO1*0002*25*EA*2.44**VP*260429*SK*260429*UP*732336450500
PID*F****CYCLAMEN OUTDOOR 4IN
PO4**16*EA
PO1*0003*1*EA*2.46**VP*500010*SK*500010*UP*732336093752
PID*F****FLOWERING ASST. 1QT (25.36 OZ/750ML)
PO4**16*EA
PO1*0004*47*EA*1.9**VP*533223*SK*533223*UP*732336100009
PID*F****ANNUAL BEDDING JUMBO 6PK (1.1QT/1L)
PO4**8*EA
PO1*0005*4*EA*2.05**VP*582130*SK*582130*UP*732336351142
PID*F****CALENDULA 1G (.0634G/2.4L)
PO4**1*EA
PO1*0006*1*EA*2.05**VP*607156*SK*607156*UP*732336352859
PID*F****ANNUAL STOCK 1G (.0634G/2.4L)
PO4**1*EA
PO1*0007*6*EA*2.05**VP*607895*SK*607895*UP*732336352651
PID*F****SNAPDRAGON 1G (.0634G/2.4L)
PO4**1*EA
PO1*0008*5*EA*2.05**VP*608596*SK*608596*UP*732336350909
PID*F****IMPATIEN 1G (.06354G/2.4L)
PO4**1*EA
PO1*0009*3*EA*2.05**VP*608609*SK*608609*UP*732336352941
PID*F****LINARIA 1G (.0634G/2.4L)
PO4**1*EA
PO1*0010*10*EA*1.81**VP*611248*SK*611248*UP*732336090003
PID*F****PERENNIAL 1QT (25.36FLOZ/750ML)
PO4**1*EA
PO1*0011*1*EA*2.35**VP*612568*SK*612568*UP*732336093004
PID*F****SUCCULENT QT (25.36FLOZ/750ML)
PO4**1*EA
PO1*0012*2*EA*1.25**VP*612622*SK*612622*UP*732336451835
PID*F****HYACINTH OUTDOOR 4IN(1.2PT/574ML)
PO4**1*EA
PO1*0013*43*EA*1.61**VP*613218*SK*613218*UP*732336440006
PID*F****PERENNIAL WINNER 4IN (1.2PT/574ML)
PO4**1*EA
PO1*0014*9*EA*10.7**VP*614513*SK*614513*UP*732336190000
PID*F****ANNUAL PRO 18 PAK (2.02G/7.66L)
PO4**1*EA
PO1*0015*3*EA*6.75**VP*614519*SK*614519*UP*732336170002
PID*F****ANNUAL HALF FLATS ASST(1.1G/4L)
PO4**1*EA
PO1*0016*11*EA*.79**VP*615950*SK*615950*UP*732336200006
PID*F****ANNUAL BEDDING 4IN(1.52PT/720ML)
PO4**1*EA
PO1*0017*5*EA*3.26**VP*617968*SK*617968*UP*732336360700
PID*F****SENECIO PREM. SELECT 1G(.0634G/2.4L)
PO4**1*EA
CTT*17*177
AMT*TT*613.67
SE*64*000024917
ST*850*000024918
BEG*00*CN*87026473**20061223*8987026473
CUR*BY*USD
DTM*038*20061224
N1*OB**92*8987
N3*1480 EAST 2ND STREET
N4*BEAUMONT*CA*92223
REF*DP*028
REF*3J*0005
REF*MR*0000073179
PO1*0001*1*EA*1.18**VP*REF 453129*SK*533411*UP*732336320001
PID*F****HERB 4 IN. (15 FL.OZ./42ML)
PO4**1*EA
CTT*1*1
AMT*TT*1.71
SE*16*000024918
ST*850*000024919
BEG*00*CN*88035927**20061223*8988035927
CUR*BY*USD
DTM*038*20061224
N1*OB**92*8988
N3*18282 COLLIER AVENUE
N4*LAKE ELSINORE*CA*92530
REF*DP*028
REF*3J*0005
REF*MR*0000073179
PO1*0001*4*EA*2.44**VP*614474*SK*614474*UP*732336096500
PID*F****ROSE MINI 1 QT(25.36FLOZ/750ML)
PO4**16*EA
CTT*1*4
AMT*TT*15.08
SE*16*000024919
GE*5*4265
IEA*1*000004889
ISA*00*          *00*          *14*0722717110100  *01*148468275      *061223*0419*|*00406*000004890*0*P*>
GS*PO*072271711*148468275*20061223*0419*4266*X*004060
ST*850*000024920
BEG*00*CN*09020993**20061223*0609020993
CUR*BY*USD
DTM*038*20061224
N1*OB**92*0609
N3*12960 FOOTHILL BLVD
N4*SAN FERNANDO*CA*91340
REF*DP*028
REF*3J*0005
REF*MR*0000073179
PO1*0001*7*EA*1.9**VP*533223*SK*533223*UP*732336100009
PID*F****ANNUAL BEDDING JUMBO 6PK (1.1QT/1L)
PO4**8*EA
PO1*0002*6*EA*2.05**VP*607156*SK*607156*UP*732336352859
PID*F****ANNUAL STOCK 1G (.0634G/2.4L)
PO4**1*EA
PO1*0003*6*EA*1.25**VP*612622*SK*612622*UP*732336451835
PID*F****HYACINTH OUTDOOR 4IN(1.2PT/574ML)
PO4**1*EA
PO1*0004*1*EA*10.7**VP*614513*SK*614513*UP*732336190000
PID*F****ANNUAL PRO 18 PAK (2.02G/7.66L)
PO4**1*EA
PO1*0005*2*EA*.79**VP*615950*SK*615950*UP*732336200006
PID*F****ANNUAL BEDDING 4IN(1.52PT/720ML)
PO4**1*EA
PO1*0006*1*EA*3.26**VP*617968*SK*617968*UP*732336360700
PID*F****SENECIO PREM. SELECT 1G(.0634G/2.4L)
PO4**1*EA
CTT*6*23
AMT*TT*66.49
SE*31*000024920
ST*850*000024921
BEG*00*CN*45035409**20061223*0645035409
CUR*BY*USD
DTM*038*20061224
N1*OB**92*0645
N3*11884 FOOTHILL BLVD
N4*RANCHO CUCAMONGA*CA*91730
REF*DP*028
REF*3J*0005
REF*MR*0000073179
PO1*0005*3*EA*1.85**VP*JP VEGGIE*SK*582185*UP*732336280008
PID*F****VEGETABLE JUMBO 6PLT/PK(1.1QT/1L)
PO4**1*EA
PO1*0004*7*EA*1.18**VP*REF 453129*SK*533411*UP*732336320001
PID*F****HERB 4 IN. (15 FL.OZ./42ML)
PO4**1*EA
PO1*0001*20*EA*2.44**VP*260429*SK*260429*UP*732336450500
PID*F****CYCLAMEN OUTDOOR 4IN
PO4**16*EA
PO1*0002*3*EA*2.61**VP*446467*SK*446467*UP*732336373007
PID*F****GERANIUM IVY 1G (.0634G/2.4L)
PO4**1*EA
PO1*0003*22*EA*1.9**VP*533223*SK*533223*UP*732336100009
PID*F****ANNUAL BEDDING JUMBO 6PK (1.1QT/1L)
PO4**8*EA
PO1*0006*6*EA*1.36**VP*611724*SK*611724*UP*732336451002
PID*F****GERANIUM ZONAL 4IN (1.2PT/574ML)
PO4**1*EA
PO1*0007*3*EA*1.25**VP*612622*SK*612622*UP*732336451835
PID*F****HYACINTH OUTDOOR 4IN(1.2PT/574ML)
PO4**1*EA
PO1*0008*4*EA*1.25**VP*613193*SK*613193*UP*732336451453
PID*F****NARCISSUS DAFFODIL 4IN(1.2PT/574ML)
PO4**1*EA
PO1*0009*3*EA*10.7**VP*614513*SK*614513*UP*732336190000
PID*F****ANNUAL PRO 18 PAK (2.02G/7.66L)
PO4**1*EA
PO1*0010*3*EA*2.95**VP*615571*SK*615571*UP*732336120007
PID*F****BULB 6PCAK 6CELL(1.27QT/1.2L
PO4**1*EA
PO1*0011*10*EA*.79**VP*615950*SK*615950*UP*732336200006
PID*F****ANNUAL BEDDING 4IN(1.52PT/720ML)
PO4**1*EA
CTT*11*84
AMT*TT*244.75
SE*46*000024921
ST*850*000024922
BEG*00*CN*68067848**20061223*0668067848
CUR*BY*USD
DTM*038*20061224
N1*OB**92*0668
N3*25100 MADISON AVE
N4*MURRIETA*CA*92562
REF*DP*028
REF*3J*0005
REF*MR*0000073179
PO1*0001*8*EA*2.35**VP*612568*SK*612568*UP*732336093004
PID*F****SUCCULENT QT (25.36FLOZ/750ML)
PO4**1*EA
CTT*1*8
AMT*TT*30.16
SE*16*000024922
ST*850*000024923
BEG*00*CN*13079714**20061223*1013079714
CUR*BY*USD
DTM*038*20061224
N1*OB**92*1013
N3*1151 W LUGONIA AVE
N4*REDLANDS*CA*92374
REF*DP*028
REF*3J*0005
REF*MR*0000073179
PO1*0001*20*EA*15.2**VP*210272*SK*210272*UP*732336146663
PID*F****JUMBO COLOR PACK FULL FLAT
PO4**1*EA
PO1*0002*22*EA*2.44**VP*260429*SK*260429*UP*732336450500
PID*F****CYCLAMEN OUTDOOR 4IN
PO4**16*EA
PO1*0003*50*EA*1.9**VP*533223*SK*533223*UP*732336100009
PID*F****ANNUAL BEDDING JUMBO 6PK (1.1QT/1L)
PO4**8*EA
PO1*0004*2*EA*2.4**VP*601412*SK*601412*UP*732336370389
PID*F****EURYOPS 1G (.0634G/2.4L)
PO4**1*EA
PO1*0005*4*EA*2.05**VP*607156*SK*607156*UP*732336352859
PID*F****ANNUAL STOCK 1G (.0634G/2.4L)
PO4**1*EA
PO1*0006*9*EA*2.05**VP*607895*SK*607895*UP*732336352651
PID*F****SNAPDRAGON 1G (.0634G/2.4L)
PO4**1*EA
PO1*0007*1*EA*2.61**VP*611017*SK*611017*UP*732336372000
PID*F****GERANIUM ZONAL 1G(.0634G/2.4L)
PO4**1*EA
PO1*0008*3*EA*1.81**VP*611248*SK*611248*UP*732336090003
PID*F****PERENNIAL 1QT (25.36FLOZ/750ML)
PO4**1*EA
PO1*0009*1*EA*1.25**VP*612622*SK*612622*UP*732336451835
PID*F****HYACINTH OUTDOOR 4IN(1.2PT/574ML)
PO4**1*EA
PO1*0010*3*EA*1.61**VP*613218*SK*613218*UP*732336440006
PID*F****PERENNIAL WINNER 4IN (1.2PT/574ML)
PO4**1*EA
PO1*0011*4*EA*10.7**VP*614513*SK*614513*UP*732336190000
PID*F****ANNUAL PRO 18 PAK (2.02G/7.66L)
PO4**1*EA
PO1*0012*13*EA*6.75**VP*614519*SK*614519*UP*732336170002
PID*F****ANNUAL HALF FLATS ASST(1.1G/4L)
PO4**1*EA
PO1*0013*6*EA*11.27**VP*614623*SK*614623*UP*732336160003
PID*F****ANNUAL 49ER FLAT ASST(1.3G/4.9L)
PO4**1*EA
CTT*13*138
AMT*TT*842.09
SE*52*000024923
ST*850*000024924
BEG*00*CN*60001471**20061223*1060001471
CUR*BY*USD
DTM*038*20061224
N1*OB**92*1060
N3*2655 MT VERNON AVENUE
N4*BAKERSFIELD*CA*93306
REF*DP*028
REF*3J*0005
REF*MR*0000073179
PO1*0004*1*EA*1.86**VP*JP VEGGIE*SK*582185*UP*732336280008
PID*F****VEGETABLE JUMBO 6PLT/PK(1.1QT/1L)
PO4**1*EA
PO1*0001*13*EA*2.45**VP*260429*SK*260429*UP*732336450500
PID*F****CYCLAMEN OUTDOOR 4IN
PO4**16*EA
PO1*0002*1*EA*4.95**VP*322254*SK*322254*UP*732336490506
PID*F****CYCLAMEN 6IN 1.4 QT (1.32L)
PO4**1*EA
PO1*0003*18*EA*1.91**VP*533223*SK*533223*UP*732336100009
PID*F****ANNUAL BEDDING JUMBO 6PK (1.1QT/1L)
PO4**1*EA
PO1*0005*2*EA*2.41**VP*601412*SK*601412*UP*732336370389
PID*F****EURYOPS 1G (.0634G/2.4L)
PO4**1*EA
PO1*0006*5*EA*2.06**VP*607156*SK*607156*UP*732336352859
PID*F****ANNUAL STOCK 1G (.0634G/2.4L)
PO4**1*EA
PO1*0007*5*EA*2.06**VP*607895*SK*607895*UP*732336352651
PID*F****SNAPDRAGON 1G (.0634G/2.4L)
PO4**1*EA
PO1*0008*2*EA*2.99**VP*610961*SK*610961*UP*732336376008
PID*F****GERBERA DAISY 1G(.0634G/2.4L)
PO4**1*EA
PO1*0009*3*EA*1.26**VP*612622*SK*612622*UP*732336451835
PID*F****HYACINTH OUTDOOR 4IN(1.2PT/574ML)
PO4**1*EA
PO1*0010*1*EA*10.91**VP*614317*SK*614317*UP*732336590008
PID*F****ANNUAL 10IN REDWOOD TUB(2.9G/11.1L)
PO4**1*EA
CTT*10*51
AMT*TT*166.83
SE*43*000024924
ST*850*000024925
BEG*00*CN*61012855**20061223*1061012855
CUR*BY*USD
DTM*038*20061224
N1*OB**92*1061
N3*4925 W SLAUSON AVENUE
N4*LOS ANGELES*CA*90056
REF*DP*028
REF*3J*0005
REF*MR*0000073179
PO1*0001*9*EA*2.44**VP*260429*SK*260429*UP*732336450500
PID*F****CYCLAMEN OUTDOOR 4IN
PO4**16*EA
PO1*0002*36*EA*1.9**VP*533223*SK*533223*UP*732336100009
PID*F****ANNUAL BEDDING JUMBO 6PK (1.1QT/1L)
PO4**8*EA
PO1*0003*8*EA*2.05**VP*608596*SK*608596*UP*732336350909
PID*F****IMPATIEN 1G (.06354G/2.4L)
PO4**1*EA
PO1*0004*1*EA*1.25**VP*612622*SK*612622*UP*732336451835
PID*F****HYACINTH OUTDOOR 4IN(1.2PT/574ML)
PO4**1*EA
PO1*0005*1*EA*10.7**VP*614513*SK*614513*UP*732336190000
PID*F****ANNUAL PRO 18 PAK (2.02G/7.66L)
PO4**1*EA
PO1*0006*2*EA*11.27**VP*614623*SK*614623*UP*732336160003
PID*F****ANNUAL 49ER FLAT ASST(1.3G/4.9L)
PO4**1*EA
PO1*0007*1*EA*2.95**VP*615571*SK*615571*UP*732336120007
PID*F****BULB 6PCAK 6CELL(1.27QT/1.2L
PO4**1*EA
PO1*0008*2*EA*3.26**VP*617968*SK*617968*UP*732336360700
PID*F****SENECIO PREM. SELECT 1G(.0634G/2.4L)
PO4**1*EA
CTT*8*60
AMT*TT*195.02
SE*37*000024925
ST*850*000024926
BEG*00*CN*62044577**20061223*1062044577
CUR*BY*USD
DTM*038*20061224
N1*OB**92*1062
N3*751 SPRING STREET
N4*SIGNAL HILL*CA*90755
REF*DP*028
REF*3J*0005
REF*MR*0000073179
PO1*0001*1*EA*15.2**VP*210272*SK*210272*UP*732336146663
PID*F****JUMBO COLOR PACK FULL FLAT
PO4**1*EA
PO1*0002*11*EA*2.44**VP*260429*SK*260429*UP*732336450500
PID*F****CYCLAMEN OUTDOOR 4IN
PO4**16*EA
PO1*0003*26*EA*1.9**VP*533223*SK*533223*UP*732336100009
PID*F****ANNUAL BEDDING JUMBO 6PK (1.1QT/1L)
PO4**8*EA
PO1*0004*3*EA*2.05**VP*608596*SK*608596*UP*732336350909
PID*F****IMPATIEN 1G (.06354G/2.4L)
PO4**1*EA
PO1*0005*1*EA*2.61**VP*611017*SK*611017*UP*732336372000
PID*F****GERANIUM ZONAL 1G(.0634G/2.4L)
PO4**1*EA
PO1*0006*3*EA*1.81**VP*611248*SK*611248*UP*732336090003
PID*F****PERENNIAL 1QT (25.36FLOZ/750ML)
PO4**1*EA
PO1*0007*2*EA*1.61**VP*613218*SK*613218*UP*732336440006
PID*F****PERENNIAL WINNER 4IN (1.2PT/574ML)
PO4**1*EA
PO1*0008*5*EA*2.44**VP*614474*SK*614474*UP*732336096500
PID*F****ROSE MINI 1 QT(25.36FLOZ/750ML)
PO4**16*EA
CTT*8*52
AMT*TT*160.01
SE*37*000024926
ST*850*000024927
BEG*00*CN*64088356**20061223*1064088356
CUR*BY*USD
DTM*038*20061224
N1*OB**92*1064
N3*8700 ROSEDALE HWY
N4*BAKERSFIELD*CA*93312
REF*DP*028
REF*3J*0005
REF*MR*0000073179
PO1*0003*4*EA*1.86**VP*JP VEGGIE*SK*582185*UP*732336280008
PID*F****VEGETABLE JUMBO 6PLT/PK(1.1QT/1L)
PO4**1*EA
PO1*0001*3*EA*1.91**VP*533223*SK*533223*UP*732336100009
PID*F****ANNUAL BEDDING JUMBO 6PK (1.1QT/1L)
PO4**1*EA
PO1*0002*2*EA*1.19**VP*533411*SK*533411*UP*732336320001
PID*F****HERB 4 IN. (15 FL.OZ./42ML)
PO4**1*EA
PO1*0004*8*EA*2.99**VP*610961*SK*610961*UP*732336376008
PID*F****GERBERA DAISY 1G(.0634G/2.4L)
PO4**1*EA
PO1*0005*2*EA*1.62**VP*613218*SK*613218*UP*732336440006
PID*F****PERENNIAL WINNER 4IN (1.2PT/574ML)
PO4**1*EA
PO1*0006*2*EA*2.45**VP*614474*SK*614474*UP*732336096500
PID*F****ROSE MINI 1 QT(25.36FLOZ/750ML)
PO4**16*EA
PO1*0007*2*EA*10.71**VP*614513*SK*614513*UP*732336190000
PID*F****ANNUAL PRO 18 PAK (2.02G/7.66L)
PO4**1*EA
CTT*7*23
AMT*TT*98.59
SE*34*000024927
ST*850*000024928
BEG*00*CN*17071639**20061223*6617071639
CUR*BY*USD
DTM*038*20061224
N1*OB**92*6617
N3*1305 S LONE HILL AVENUE
N4*GLENDORA*CA*91740
REF*DP*028
REF*3J*0005
REF*MR*0000073179
PO1*0001*3*EA*2.44**VP*614474*SK*614474*UP*732336096500
PID*F****ROSE MINI 1 QT(25.36FLOZ/750ML)
PO4**16*EA
CTT*1*3
AMT*TT*11.31
SE*16*000024928
ST*850*000024929
BEG*00*CN*40009708**20061223*6640009708
CUR*BY*USD
DTM*038*20061224
N1*OB**92*6640
N3*575 COCHRAN ST
N4*SIMI VALLEY*CA*93065
REF*DP*028
REF*3J*0005
REF*MR*0000073179
PO1*0001*17*EA*2.44**VP*260429*SK*260429*UP*732336450500
PID*F****CYCLAMEN OUTDOOR 4IN
PO4**16*EA
PO1*0002*3*EA*4.95**VP*322254*SK*322254*UP*732336490506
PID*F****CYCLAMEN 6IN 1.4 QT (1.32L)
PO4**1*EA
PO1*0003*3*EA*2.46**VP*500010*SK*500010*UP*732336093752
PID*F****FLOWERING ASST. 1QT (25.36 OZ/750ML)
PO4**16*EA
PO1*0004*126*EA*1.9**VP*533223*SK*533223*UP*732336100009
PID*F****ANNUAL BEDDING JUMBO 6PK (1.1QT/1L)
PO4**8*EA
PO1*0005*11*EA*2.05**VP*607156*SK*607156*UP*732336352859
PID*F****ANNUAL STOCK 1G (.0634G/2.4L)
PO4**1*EA
PO1*0006*2*EA*1.61**VP*613218*SK*613218*UP*732336440006
PID*F****PERENNIAL WINNER 4IN (1.2PT/574ML)
PO4**1*EA
PO1*0007*1*EA*2.05**VP*613835*SK*613835*UP*732336330000
PID*F****HERB 5.5IN ASST(39FLOZ/1.1L)
PO4**9*EA
PO1*0008*11*EA*10.7**VP*614513*SK*614513*UP*732336190000
PID*F****ANNUAL PRO 18 PAK (2.02G/7.66L)
PO4**1*EA
PO1*0009*1*EA*6.75**VP*614519*SK*614519*UP*732336170002
PID*F****ANNUAL HALF FLATS ASST(1.1G/4L)
PO4**1*EA
CTT*9*175
AMT*TT*567.73
SE*40*000024929
ST*850*000024930
BEG*00*CN*43044491**20061223*6643044491
CUR*BY*USD
DTM*038*20061224
N1*OB**92*6643
N3*1095 N PULLMAN STREET
N4*ANAHEIM*CA*92807
REF*DP*028
REF*3J*0005
REF*MR*0000073179
PO1*0001*31*EA*2.44**VP*260429*SK*260429*UP*732336450500
PID*F****CYCLAMEN OUTDOOR 4IN
PO4**16*EA
PO1*0002*101*EA*1.9**VP*533223*SK*533223*UP*732336100009
PID*F****ANNUAL BEDDING JUMBO 6PK (1.1QT/1L)
PO4**8*EA
PO1*0003*5*EA*2.05**VP*607156*SK*607156*UP*732336352859
PID*F****ANNUAL STOCK 1G (.0634G/2.4L)
PO4**1*EA
PO1*0004*3*EA*2.05**VP*607895*SK*607895*UP*732336352651
PID*F****SNAPDRAGON 1G (.0634G/2.4L)
PO4**1*EA
PO1*0005*8*EA*2.05**VP*608315*SK*608315*UP*732336351043
PID*F****KALE 1G (.0635G/2.4L)
PO4**1*EA
PO1*0006*2*EA*2.05**VP*608596*SK*608596*UP*732336350909
PID*F****IMPATIEN 1G (.06354G/2.4L)
PO4**1*EA
PO1*0007*3*EA*2.98**VP*610961*SK*610961*UP*732336376008
PID*F****GERBERA DAISY 1G(.0634G/2.4L)
PO4**1*EA
PO1*0008*1*EA*2.61**VP*611017*SK*611017*UP*732336372000
PID*F****GERANIUM ZONAL 1G(.0634G/2.4L)
PO4**1*EA
PO1*0009*19*EA*1.81**VP*611248*SK*611248*UP*732336090003
PID*F****PERENNIAL 1QT (25.36FLOZ/750ML)
PO4**1*EA
PO1*0010*16*EA*1.36**VP*611724*SK*611724*UP*732336451002
PID*F****GERANIUM ZONAL 4IN (1.2PT/574ML)
PO4**1*EA
PO1*0011*12*EA*1.25**VP*612622*SK*612622*UP*732336451835
PID*F****HYACINTH OUTDOOR 4IN(1.2PT/574ML)
PO4**1*EA
PO1*0012*38*EA*1.61**VP*613218*SK*613218*UP*732336440006
PID*F****PERENNIAL WINNER 4IN (1.2PT/574ML)
PO4**1*EA
PO1*0013*8*EA*2.05**VP*613835*SK*613835*UP*732336330000
PID*F****HERB 5.5IN ASST(39FLOZ/1.1L)
PO4**9*EA
PO1*0014*11*EA*2.44**VP*614474*SK*614474*UP*732336096500
PID*F****ROSE MINI 1 QT(25.36FLOZ/750ML)
PO4**16*EA
PO1*0015*18*EA*10.7**VP*614513*SK*614513*UP*732336190000
PID*F****ANNUAL PRO 18 PAK (2.02G/7.66L)
PO4**1*EA
PO1*0016*3*EA*6.75**VP*614519*SK*614519*UP*732336170002
PID*F****ANNUAL HALF FLATS ASST(1.1G/4L)
PO4**1*EA
PO1*0017*2*EA*11.27**VP*614623*SK*614623*UP*732336160003
PID*F****ANNUAL 49ER FLAT ASST(1.3G/4.9L)
PO4**1*EA
PO1*0018*4*EA*2.95**VP*615571*SK*615571*UP*732336120007
PID*F****BULB 6PCAK 6CELL(1.27QT/1.2L
PO4**1*EA
PO1*0019*10*EA*.79**VP*615950*SK*615950*UP*732336200006
PID*F****ANNUAL BEDDING 4IN(1.52PT/720ML)
PO4**1*EA
CTT*19*295
AMT*TT*1023.92
SE*70*000024930
ST*850*000024931
BEG*00*CN*62021532**20061223*6662021532
CUR*BY*USD
DTM*038*20061224
N1*OB**92*6662
N3*2745 TELLER RD
N4*THOUSAND OAKS*CA*91320
REF*DP*028
REF*3J*0005
REF*MR*0000073179
PO1*0001*7*EA*15.2**VP*210272*SK*210272*UP*732336146663
PID*F****JUMBO COLOR PACK FULL FLAT
PO4**1*EA
PO1*0002*66*EA*2.44**VP*260429*SK*260429*UP*732336450500
PID*F****CYCLAMEN OUTDOOR 4IN
PO4**16*EA
PO1*0003*78*EA*1.9**VP*533223*SK*533223*UP*732336100009
PID*F****ANNUAL BEDDING JUMBO 6PK (1.1QT/1L)
PO4**8*EA
PO1*0004*15*EA*2.05**VP*607156*SK*607156*UP*732336352859
PID*F****ANNUAL STOCK 1G (.0634G/2.4L)
PO4**1*EA
PO1*0005*7*EA*1.81**VP*611248*SK*611248*UP*732336090003
PID*F****PERENNIAL 1QT (25.36FLOZ/750ML)
PO4**1*EA
PO1*0006*7*EA*1.25**VP*612622*SK*612622*UP*732336451835
PID*F****HYACINTH OUTDOOR 4IN(1.2PT/574ML)
PO4**1*EA
PO1*0007*2*EA*2.44**VP*614474*SK*614474*UP*732336096500
PID*F****ROSE MINI 1 QT(25.36FLOZ/750ML)
PO4**16*EA
PO1*0008*7*EA*10.7**VP*614513*SK*614513*UP*732336190000
PID*F****ANNUAL PRO 18 PAK (2.02G/7.66L)
PO4**1*EA
PO1*0009*11*EA*6.75**VP*614519*SK*614519*UP*732336170002
PID*F****ANNUAL HALF FLATS ASST(1.1G/4L)
PO4**1*EA
CTT*9*200
AMT*TT*826.68
SE*40*000024931
ST*850*000024932
BEG*00*CN*49001669**20061223*8949001669
CUR*BY*USD
DTM*038*20061224
N1*OB**92*8949
N3*12175 TECH CENTER DRIVE
N4*POWAY*CA*92064
REF*DP*028
REF*3J*0005
REF*MR*0000073179
PO1*0001*2*EA*2.05**VP*613835*SK*613835*UP*732336330000
PID*F****HERB 5.5IN ASST(39FLOZ/1.1L)
PO4**9*EA
PO1*0002*2*EA*6.75**VP*614519*SK*614519*UP*732336170002
PID*F****ANNUAL HALF FLATS ASST(1.1G/4L)
PO4**1*EA
CTT*2*4
AMT*TT*24.92
SE*19*000024932
GE*13*4266
IEA*1*000004890
ISA*00*          *00*          *14*0722717110100  *01*148468275      *061223*0441*|*00406*000004891*0*P*>
GS*PO*072271711*148468275*20061223*0441*4267*X*004060
ST*850*000024933
BEG*00*CN*19070708**20061223*0619070708
CUR*BY*USD
DTM*038*20061224
N1*OB**92*0619
N3*5450 WALNUT AVE
N4*CHINO*CA*91710
REF*DP*028
REF*3J*0005
REF*MR*0000073179
PO1*0003*3*EA*1.18**VP*REF 453129*SK*533411*UP*732336320001
PID*F****HERB 4 IN. (15 FL.OZ./42ML)
PO4**1*EA
PO1*0001*35*EA*2.44**VP*260429*SK*260429*UP*732336450500
PID*F****CYCLAMEN OUTDOOR 4IN
PO4**16*EA
PO1*0002*23*EA*1.9**VP*533223*SK*533223*UP*732336100009
PID*F****ANNUAL BEDDING JUMBO 6PK (1.1QT/1L)
PO4**8*EA
PO1*0004*2*EA*2.4**VP*601412*SK*601412*UP*732336370389
PID*F****EURYOPS 1G (.0634G/2.4L)
PO4**1*EA
PO1*0005*2*EA*2.05**VP*606928*SK*606928*UP*732336352026
PID*F****PAPAVER ICELAND POPPY 1G(.0634G/2.4L
PO4**1*EA
PO1*0006*6*EA*2.05**VP*607156*SK*607156*UP*732336352859
PID*F****ANNUAL STOCK 1G (.0634G/2.4L)
PO4**1*EA
PO1*0007*4*EA*2.05**VP*607413*SK*607413*UP*732336352552
PID*F****SALVIA VICTORIA BLUE 1G
PO4**1*EA
PO1*0008*1*EA*2.05**VP*608431*SK*608431*UP*732336351357
PID*F****PANSY 1G (.0634G/2.4L)
PO4**1*EA
PO1*0009*1*EA*2.05**VP*608647*SK*608647*UP*732336350787
PID*F****DIANTHUS 1G (.0634G/2.4L)
PO4**1*EA
PO1*0010*11*EA*2.98**VP*610961*SK*610961*UP*732336376008
PID*F****GERBERA DAISY 1G(.0634G/2.4L)
PO4**1*EA
PO1*0011*3*EA*1.25**VP*613193*SK*613193*UP*732336451453
PID*F****NARCISSUS DAFFODIL 4IN(1.2PT/574ML)
PO4**1*EA
PO1*0012*1*EA*1.61**VP*613218*SK*613218*UP*732336440006
PID*F****PERENNIAL WINNER 4IN (1.2PT/574ML)
PO4**1*EA
PO1*0013*11*EA*2.44**VP*614474*SK*614474*UP*732336096500
PID*F****ROSE MINI 1 QT(25.36FLOZ/750ML)
PO4**16*EA
PO1*0014*2*EA*10.7**VP*614513*SK*614513*UP*732336190000
PID*F****ANNUAL PRO 18 PAK (2.02G/7.66L)
PO4**1*EA
CTT*14*105
AMT*TT*381.75
SE*55*000024933
ST*850*000024934
BEG*00*CN*47025720**20061223*0647025720
CUR*BY*USD
DTM*038*20061224
N1*OB**92*0647
N3*6633 WESTMINSTER BLVD
N4*WESTMINSTER*CA*92683
REF*DP*028
REF*3J*0005
REF*MR*0000073179
PO1*0001*11*EA*15.2**VP*210272*SK*210272*UP*732336146663
PID*F****JUMBO COLOR PACK FULL FLAT
PO4**1*EA
PO1*0002*3*EA*2.44**VP*260429*SK*260429*UP*732336450500
PID*F****CYCLAMEN OUTDOOR 4IN
PO4**16*EA
PO1*0003*25*EA*1.9**VP*533223*SK*533223*UP*732336100009
PID*F****ANNUAL BEDDING JUMBO 6PK (1.1QT/1L)
PO4**8*EA
PO1*0004*5*EA*2.05**VP*607156*SK*607156*UP*732336352859
PID*F****ANNUAL STOCK 1G (.0634G/2.4L)
PO4**1*EA
PO1*0005*2*EA*2.05**VP*607895*SK*607895*UP*732336352651
PID*F****SNAPDRAGON 1G (.0634G/2.4L)
PO4**1*EA
PO1*0006*4*EA*2.05**VP*608750*SK*608750*UP*732336350404
PID*F****BEGONIA 1G (.0634G/2.4L)
PO4**1*EA
PO1*0007*4*EA*1.25**VP*612622*SK*612622*UP*732336451835
PID*F****HYACINTH OUTDOOR 4IN(1.2PT/574ML)
PO4**1*EA
PO1*0008*2*EA*2.05**VP*613835*SK*613835*UP*732336330000
PID*F****HERB 5.5IN ASST(39FLOZ/1.1L)
PO4**9*EA
PO1*0009*1*EA*2.44**VP*614474*SK*614474*UP*732336096500
PID*F****ROSE MINI 1 QT(25.36FLOZ/750ML)
PO4**16*EA
PO1*0010*4*EA*10.7**VP*614513*SK*614513*UP*732336190000
PID*F****ANNUAL PRO 18 PAK (2.02G/7.66L)
PO4**1*EA
PO1*0011*1*EA*6.75**VP*614519*SK*614519*UP*732336170002
PID*F****ANNUAL HALF FLATS ASST(1.1G/4L)
PO4**1*EA
PO1*0012*5*EA*3.26**VP*617968*SK*617968*UP*732336360700
PID*F****SENECIO PREM. SELECT 1G(.0634G/2.4L)
PO4**1*EA
CTT*12*67
AMT*TT*376.61
SE*49*000024934
ST*850*000024935
BEG*00*CN*79001127**20061223*0679001127
CUR*BY*USD
DTM*038*20061224
N1*OB**92*0679
N3*3838 W VISTA WAY
N4*OCEANSIDE*CA*92056
REF*DP*028
REF*3J*0005
REF*MR*0000073179
PO1*0001*10*EA*1.36**VP*611599*SK*611599*UP*732336452009
PID*F****GERANIUM IVY 4IN(1.2PT/574ML)
PO4**1*EA
PO1*0002*1*EA*3.26**VP*617968*SK*617968*UP*732336360700
PID*F****SENECIO PREM. SELECT 1G(.0634G/2.4L)
PO4**1*EA
CTT*2*11
AMT*TT*24.17
SE*19*000024935
ST*850*000024936
BEG*00*CN*89008916**20061223*0689008916
CUR*BY*USD
DTM*038*20061224
N1*OB**92*0689
N3*9200 WHITTIER BLVD
N4*PICO RIVERA*CA*90660
REF*DP*028
REF*3J*0005
REF*MR*0000073179
PO1*0001*10*EA*2.44**VP*260429*SK*260429*UP*732336450500
PID*F****CYCLAMEN OUTDOOR 4IN
PO4**16*EA
PO1*0002*1*EA*2.98**VP*610961*SK*610961*UP*732336376008
PID*F****GERBERA DAISY 1G(.0634G/2.4L)
PO4**1*EA
PO1*0003*1*EA*1.81**VP*611248*SK*611248*UP*732336090003
PID*F****PERENNIAL 1QT (25.36FLOZ/750ML)
PO4**1*EA
PO1*0004*5*EA*2.44**VP*614474*SK*614474*UP*732336096500
PID*F****ROSE MINI 1 QT(25.36FLOZ/750ML)
PO4**16*EA
CTT*4*17
AMT*TT*66.49
SE*25*000024936
ST*850*000024937
BEG*00*CN*39058991**20061223*6639058991
CUR*BY*USD
DTM*038*20061224
N1*OB**92*6639
N3*10801 GARDEN GROVE BLVD
N4*GARDEN GROVE*CA*92843
REF*DP*028
REF*3J*0005
REF*MR*0000073179
PO1*0001*3*EA*15.2**VP*210272*SK*210272*UP*732336146663
PID*F****JUMBO COLOR PACK FULL FLAT
PO4**1*EA
PO1*0002*11*EA*2.44**VP*260429*SK*260429*UP*732336450500
PID*F****CYCLAMEN OUTDOOR 4IN
PO4**16*EA
PO1*0003*7*EA*1.9**VP*533223*SK*533223*UP*732336100009
PID*F****ANNUAL BEDDING JUMBO 6PK (1.1QT/1L)
PO4**8*EA
PO1*0004*24*EA*2.05**VP*607156*SK*607156*UP*732336352859
PID*F****ANNUAL STOCK 1G (.0634G/2.4L)
PO4**1*EA
PO1*0005*2*EA*2.61**VP*611017*SK*611017*UP*732336372000
PID*F****GERANIUM ZONAL 1G(.0634G/2.4L)
PO4**1*EA
PO1*0006*1*EA*9.3**VP*611441*SK*611441*UP*732336602503
PID*F****ANNUAL 14IN COLOR BOWL(2.08G/7.87L)
PO4**1*EA
PO1*0007*2*EA*1.36**VP*611724*SK*611724*UP*732336451002
PID*F****GERANIUM ZONAL 4IN (1.2PT/574ML)
PO4**1*EA
PO1*0008*2*EA*1.25**VP*612622*SK*612622*UP*732336451835
PID*F****HYACINTH OUTDOOR 4IN(1.2PT/574ML)
PO4**1*EA
PO1*0009*7*EA*10.7**VP*614513*SK*614513*UP*732336190000
PID*F****ANNUAL PRO 18 PAK (2.02G/7.66L)
PO4**1*EA
PO1*0010*8*EA*6.75**VP*614519*SK*614519*UP*732336170002
PID*F****ANNUAL HALF FLATS ASST(1.1G/4L)
PO4**1*EA
PO1*0011*4*EA*2.95**VP*615571*SK*615571*UP*732336120007
PID*F****BULB 6PCAK 6CELL(1.27QT/1.2L
PO4**1*EA
CTT*11*71
AMT*TT*397.63
SE*46*000024937
ST*850*000024938
BEG*00*CN*50024996**20061223*6650024996
CUR*BY*USD
DTM*038*20061224
N1*OB**92*6650
N3*5800 LINCOLN AVE
N4*CYPRESS*CA*90630
REF*DP*028
REF*3J*0005
REF*MR*0000073179
PO1*0001*10*EA*2.44**VP*260429*SK*260429*UP*732336450500
PID*F****CYCLAMEN OUTDOOR 4IN
PO4**16*EA
PO1*0002*6*EA*2.61**VP*446467*SK*446467*UP*732336373007
PID*F****GERANIUM IVY 1G (.0634G/2.4L)
PO4**1*EA
PO1*0003*4*EA*2.46**VP*500010*SK*500010*UP*732336093752
PID*F****FLOWERING ASST. 1QT (25.36 OZ/750ML)
PO4**16*EA
PO1*0004*72*EA*1.9**VP*533223*SK*533223*UP*732336100009
PID*F****ANNUAL BEDDING JUMBO 6PK (1.1QT/1L)
PO4**8*EA
PO1*0005*1*EA*2.4**VP*583177*SK*583177*UP*732336370099
PID*F****BELLIS PERE ENGL 1G(.0634/2.4L)
PO4**1*EA
PO1*0006*5*EA*2.05**VP*607156*SK*607156*UP*732336352859
PID*F****ANNUAL STOCK 1G (.0634G/2.4L)
PO4**1*EA
PO1*0007*1*EA*2.05**VP*607413*SK*607413*UP*732336352552
PID*F****SALVIA VICTORIA BLUE 1G
PO4**1*EA
PO1*0008*1*EA*2.05**VP*608750*SK*608750*UP*732336350404
PID*F****BEGONIA 1G (.0634G/2.4L)
PO4**1*EA
PO1*0009*10*EA*2.98**VP*610961*SK*610961*UP*732336376008
PID*F****GERBERA DAISY 1G(.0634G/2.4L)
PO4**1*EA
PO1*0010*3*EA*9.3**VP*611441*SK*611441*UP*732336602503
PID*F****ANNUAL 14IN COLOR BOWL(2.08G/7.87L)
PO4**1*EA
PO1*0011*2*EA*2.05**VP*613835*SK*613835*UP*732336330000
PID*F****HERB 5.5IN ASST(39FLOZ/1.1L)
PO4**9*EA
PO1*0012*10*EA*10.7**VP*614513*SK*614513*UP*732336190000
PID*F****ANNUAL PRO 18 PAK (2.02G/7.66L)
PO4**1*EA
PO1*0013*13*EA*6.75**VP*614519*SK*614519*UP*732336170002
PID*F****ANNUAL HALF FLATS ASST(1.1G/4L)
PO4**1*EA
PO1*0014*6*EA*2.95**VP*615571*SK*615571*UP*732336120007
PID*F****BULB 6PCAK 6CELL(1.27QT/1.2L
PO4**1*EA
PO1*0015*1*EA*10.25**VP*618112*SK*618112*UP*732336480002
PID*F****PERENNIAL CACHE/SAND(1.92G/7.26L)
PO4**1*EA
CTT*15*145
AMT*TT*642.71
SE*58*000024938
ST*850*000024939
BEG*00*CN*56004254**20061223*6656004254
CUR*BY*USD
DTM*038*20061224
N1*OB**92*6656
N3*550 SAN MARCOS BLVD
N4*SAN MARCOS*CA*92069
REF*DP*028
REF*3J*0005
REF*MR*0000073179
PO1*0001*1*EA*1.25**VP*612622*SK*612622*UP*732336451835
PID*F****HYACINTH OUTDOOR 4IN(1.2PT/574ML)
PO4**1*EA
PO1*0002*1*EA*6.75**VP*614519*SK*614519*UP*732336170002
PID*F****ANNUAL HALF FLATS ASST(1.1G/4L)
PO4**1*EA
CTT*2*2
AMT*TT*11.46
SE*19*000024939
GE*7*4267
IEA*1*000004891
ISA*00*          *00*          *14*0722717110100  *01*148468275      *061223*0501*|*00406*000004892*0*P*>
GS*PO*072271711*148468275*20061223*0501*4268*X*004060
ST*850*000024940
BEG*00*CN*10073318**20061223*0610073318
CUR*BY*USD
DTM*038*20061224
N1*OB**92*0610
N3*695 HOSPITALITY LANE
N4*SAN BERNARDINO*CA*92408
REF*DP*028
REF*3J*0005
REF*MR*0000073179
PO1*0001*9*EA*2.44**VP*260429*SK*260429*UP*732336450500
PID*F****CYCLAMEN OUTDOOR 4IN
PO4**16*EA
PO1*0002*1*EA*2.4**VP*594300*SK*594300*UP*732336370426
PID*F****LAVANDULA LAVENDER 1G(.0634G/2.4L)
PO4**1*EA
PO1*0003*1*EA*2.4**VP*601412*SK*601412*UP*732336370389
PID*F****EURYOPS 1G (.0634G/2.4L)
PO4**1*EA
PO1*0004*5*EA*2.05**VP*606928*SK*606928*UP*732336352026
PID*F****PAPAVER ICELAND POPPY 1G(.0634G/2.4L
PO4**1*EA
PO1*0005*1*EA*2.05**VP*607156*SK*607156*UP*732336352859
PID*F****ANNUAL STOCK 1G (.0634G/2.4L)
PO4**1*EA
PO1*0006*2*EA*1.81**VP*611248*SK*611248*UP*732336090003
PID*F****PERENNIAL 1QT (25.36FLOZ/750ML)
PO4**1*EA
PO1*0007*39*EA*1.25**VP*612622*SK*612622*UP*732336451835
PID*F****HYACINTH OUTDOOR 4IN(1.2PT/574ML)
PO4**1*EA
PO1*0008*13*EA*2.44**VP*614474*SK*614474*UP*732336096500
PID*F****ROSE MINI 1 QT(25.36FLOZ/750ML)
PO4**16*EA
CTT*8*71
AMT*TT*198.47
SE*37*000024940
ST*850*000024941
BEG*00*CN*18093446**20061223*1018093446
CUR*BY*USD
DTM*038*20061224
N1*OB**92*1018
N3*5755 MISSION AVENUE
N4*OCEANSIDE*CA*92057
REF*DP*028
REF*3J*0005
REF*MR*0000073179
PO1*0001*5*EA*2.05**VP*608596*SK*608596*UP*732336350909
PID*F****IMPATIEN 1G (.06354G/2.4L)
PO4**1*EA
PO1*0002*1*EA*1.61**VP*613218*SK*613218*UP*732336440006
PID*F****PERENNIAL WINNER 4IN (1.2PT/574ML)
PO4**1*EA
PO1*0003*2*EA*3.26**VP*617968*SK*617968*UP*732336360700
PID*F****SENECIO PREM. SELECT 1G(.0634G/2.4L)
PO4**1*EA
CTT*3*8
AMT*TT*27.38
SE*22*000024941
ST*850*000024942
BEG*00*CN*55031819**20061223*1055031819
CUR*BY*USD
DTM*038*20061224
N1*OB**92*1055
N3*28033 NEWHALL RANCH RD
N4*SANTA CLARITA*CA*91355
REF*DP*028
REF*3J*0005
REF*MR*0000073179
PO1*0001*9*EA*2.44**VP*260429*SK*260429*UP*732336450500
PID*F****CYCLAMEN OUTDOOR 4IN
PO4**16*EA
PO1*0002*53*EA*1.9**VP*533223*SK*533223*UP*732336100009
PID*F****ANNUAL BEDDING JUMBO 6PK (1.1QT/1L)
PO4**8*EA
PO1*0003*3*EA*1.36**VP*611599*SK*611599*UP*732336452009
PID*F****GERANIUM IVY 4IN(1.2PT/574ML)
PO4**1*EA
PO1*0004*2*EA*1.25**VP*613193*SK*613193*UP*732336451453
PID*F****NARCISSUS DAFFODIL 4IN(1.2PT/574ML)
PO4**1*EA
PO1*0005*7*EA*10.7**VP*614513*SK*614513*UP*732336190000
PID*F****ANNUAL PRO 18 PAK (2.02G/7.66L)
PO4**1*EA
PO1*0006*16*EA*6.75**VP*614519*SK*614519*UP*732336170002
PID*F****ANNUAL HALF FLATS ASST(1.1G/4L)
PO4**1*EA
PO1*0007*16*EA*.79**VP*615950*SK*615950*UP*732336200006
PID*F****ANNUAL BEDDING 4IN(1.52PT/720ML)
PO4**1*EA
CTT*7*106
AMT*TT*423.48
SE*34*000024942
ST*850*000024943
BEG*00*CN*29053840**20061223*6629053840
CUR*BY*USD
DTM*038*20061224
N1*OB**92*6629
N3*1625 S MOUNTAIN AVE
N4*MONROVIA*CA*91016
REF*DP*028
REF*3J*0005
REF*MR*0000073179
PO1*0004*2*EA*1.18**VP*REF 453129*SK*533411*UP*732336320001
PID*F****HERB 4 IN. (15 FL.OZ./42ML)
PO4**1*EA
PO1*0001*21*EA*15.2**VP*210272*SK*210272*UP*732336146663
PID*F****JUMBO COLOR PACK FULL FLAT
PO4**1*EA
PO1*0002*11*EA*2.44**VP*260429*SK*260429*UP*732336450500
PID*F****CYCLAMEN OUTDOOR 4IN
PO4**16*EA
PO1*0003*90*EA*1.9**VP*533223*SK*533223*UP*732336100009
PID*F****ANNUAL BEDDING JUMBO 6PK (1.1QT/1L)
PO4**8*EA
PO1*0005*7*EA*2.05**VP*607156*SK*607156*UP*732336352859
PID*F****ANNUAL STOCK 1G (.0634G/2.4L)
PO4**1*EA
PO1*0006*2*EA*2.98**VP*610961*SK*610961*UP*732336376008
PID*F****GERBERA DAISY 1G(.0634G/2.4L)
PO4**1*EA
PO1*0007*17*EA*2.05**VP*611024*SK*611024*UP*732336080004
PID*F****GRASS 1QT ASST(25.36FLOZ/750ML)
PO4**1*EA
PO1*0008*2*EA*1.81**VP*611248*SK*611248*UP*732336090003
PID*F****PERENNIAL 1QT (25.36FLOZ/750ML)
PO4**1*EA
PO1*0009*2*EA*9.3**VP*611441*SK*611441*UP*732336602503
PID*F****ANNUAL 14IN COLOR BOWL(2.08G/7.87L)
PO4**1*EA
PO1*0010*19*EA*1.25**VP*612622*SK*612622*UP*732336451835
PID*F****HYACINTH OUTDOOR 4IN(1.2PT/574ML)
PO4**1*EA
PO1*0011*4*EA*1.61**VP*613218*SK*613218*UP*732336440006
PID*F****PERENNIAL WINNER 4IN (1.2PT/574ML)
PO4**1*EA
PO1*0012*1*EA*2.05**VP*613835*SK*613835*UP*732336330000
PID*F****HERB 5.5IN ASST(39FLOZ/1.1L)
PO4**9*EA
PO1*0013*39*EA*2.44**VP*614474*SK*614474*UP*732336096500
PID*F****ROSE MINI 1 QT(25.36FLOZ/750ML)
PO4**16*EA
PO1*0014*12*EA*10.7**VP*614513*SK*614513*UP*732336190000
PID*F****ANNUAL PRO 18 PAK (2.02G/7.66L)
PO4**1*EA
PO1*0015*18*EA*6.75**VP*614519*SK*614519*UP*732336170002
PID*F****ANNUAL HALF FLATS ASST(1.1G/4L)
PO4**1*EA
PO1*0016*4*EA*.79**VP*615950*SK*615950*UP*732336200006
PID*F****ANNUAL BEDDING 4IN(1.52PT/720ML)
PO4**1*EA
CTT*16*251
AMT*TT*1223.37
SE*61*000024943
ST*850*000024944
BEG*00*CN*34050701**20061223*6634050701
CUR*BY*USD
DTM*038*20061224
N1*OB**92*6634
N3*5920 FAIRMOUNT AVE
N4*SAN DIEGO*CA*92120
REF*DP*028
REF*3J*0005
REF*MR*0000073179
PO1*0001*1*EA*1.81**VP*611248*SK*611248*UP*732336090003
PID*F****PERENNIAL 1QT (25.36FLOZ/750ML)
PO4**1*EA
PO1*0002*6*EA*1.36**VP*611724*SK*611724*UP*732336451002
PID*F****GERANIUM ZONAL 4IN (1.2PT/574ML)
PO4**1*EA
PO1*0003*1*EA*2.35**VP*612568*SK*612568*UP*732336093004
PID*F****SUCCULENT QT (25.36FLOZ/750ML)
PO4**1*EA
PO1*0004*16*EA*2.44**VP*614474*SK*614474*UP*732336096500
PID*F****ROSE MINI 1 QT(25.36FLOZ/750ML)
PO4**16*EA
PO1*0005*1*EA*6.75**VP*614519*SK*614519*UP*732336170002
PID*F****ANNUAL HALF FLATS ASST(1.1G/4L)
PO4**1*EA
CTT*5*25
AMT*TT*88.49
SE*28*000024944
GE*5*4268
IEA*1*000004892
ISA*00*          *00*          *14*0722717110100  *01*148468275      *061223*0522*|*00406*000004893*0*P*>
GS*PO*072271711*148468275*20061223*0522*4269*X*004060
ST*850*000024945
BEG*00*CN*01082642**20061223*0601082642
CUR*BY*USD
DTM*038*20061224
N1*OB**92*0601
N3*490 MCKINLEY ST
N4*CORONA*CA*92879
REF*DP*028
REF*3J*0005
REF*MR*0000073179
PO1*0005*11*EA*1.85**VP*JP VEGGIE*SK*582185*UP*732336280008
PID*F****VEGETABLE JUMBO 6PLT/PK(1.1QT/1L)
PO4**1*EA
PO1*0003*3*EA*1.18**VP*REF 453129*SK*533411*UP*732336320001
PID*F****HERB 4 IN. (15 FL.OZ./42ML)
PO4**1*EA
PO1*0001*7*EA*2.44**VP*260429*SK*260429*UP*732336450500
PID*F****CYCLAMEN OUTDOOR 4IN
PO4**16*EA
PO1*0002*2*EA*1.9**VP*533223*SK*533223*UP*732336100009
PID*F****ANNUAL BEDDING JUMBO 6PK (1.1QT/1L)
PO4**8*EA
PO1*0004*2*EA*1.85**VP*535501*SK*535501*UP*732336287540
PID*F****STRAWBERRY JUMBO PK (1.1QT/1L)
PO4**1*EA
PO1*0006*12*EA*1.81**VP*611248*SK*611248*UP*732336090003
PID*F****PERENNIAL 1QT (25.36FLOZ/750ML)
PO4**1*EA
PO1*0007*3*EA*1.25**VP*612622*SK*612622*UP*732336451835
PID*F****HYACINTH OUTDOOR 4IN(1.2PT/574ML)
PO4**1*EA
PO1*0008*10*EA*2.44**VP*614474*SK*614474*UP*732336096500
PID*F****ROSE MINI 1 QT(25.36FLOZ/750ML)
PO4**16*EA
CTT*8*50
AMT*TT*144.56
SE*37*000024945
ST*850*000024946
BEG*00*CN*80003297**20061223*0680003297
CUR*BY*USD
DTM*038*20061224
N1*OB**92*0680
N3*4255 GENESEE
N4*SAN DIEGO*CA*92117
REF*DP*028
REF*3J*0005
REF*MR*0000073179
PO1*0001*3*EA*2.05**VP*607156*SK*607156*UP*732336352859
PID*F****ANNUAL STOCK 1G (.0634G/2.4L)
PO4**1*EA
PO1*0002*1*EA*2.05**VP*607895*SK*607895*UP*732336352651
PID*F****SNAPDRAGON 1G (.0634G/2.4L)
PO4**1*EA
PO1*0003*2*EA*1.81**VP*611248*SK*611248*UP*732336090003
PID*F****PERENNIAL 1QT (25.36FLOZ/750ML)
PO4**1*EA
PO1*0004*14*EA*1.36**VP*611724*SK*611724*UP*732336451002
PID*F****GERANIUM ZONAL 4IN (1.2PT/574ML)
PO4**1*EA
PO1*0005*11*EA*1.61**VP*613218*SK*613218*UP*732336440006
PID*F****PERENNIAL WINNER 4IN (1.2PT/574ML)
PO4**1*EA
PO1*0006*1*EA*2.05**VP*613835*SK*613835*UP*732336330000
PID*F****HERB 5.5IN ASST(39FLOZ/1.1L)
PO4**9*EA
PO1*0007*6*EA*6.75**VP*614519*SK*614519*UP*732336170002
PID*F****ANNUAL HALF FLATS ASST(1.1G/4L)
PO4**1*EA
CTT*7*38
AMT*TT*134.18
SE*34*000024946
ST*850*000024947
BEG*00*CN*28005447**20061223*1028005447
CUR*BY*USD
DTM*038*20061224
N1*OB**92*1028
N3*32020 HWY 79 SOUTH
N4*TEMECULA*CA*92592
REF*DP*028
REF*3J*0005
REF*MR*0000073179
PO1*0001*3*EA*2.05**VP*611024*SK*611024*UP*732336080004
PID*F****GRASS 1QT ASST(25.36FLOZ/750ML)
PO4**1*EA
PO1*0002*8*EA*2.44**VP*614474*SK*614474*UP*732336096500
PID*F****ROSE MINI 1 QT(25.36FLOZ/750ML)
PO4**16*EA
CTT*2*11
AMT*TT*41.17
SE*19*000024947
ST*850*000024948
BEG*00*CN*87038402**20061223*1087038402
CUR*BY*USD
DTM*038*20061224
N1*OB**92*1087
N3*15975 PERRIS BLVD
N4*MORENO VALLEY*CA*92551
REF*DP*028
REF*3J*0005
REF*MR*0000073179
PO1*0003*1*EA*1.85**VP*JP VEGGIE*SK*582185*UP*732336280008
PID*F****VEGETABLE JUMBO 6PLT/PK(1.1QT/1L)
PO4**1*EA
PO1*0001*1*EA*2.61**VP*446467*SK*446467*UP*732336373007
PID*F****GERANIUM IVY 1G (.0634G/2.4L)
PO4**1*EA
PO1*0002*4*EA*1.9**VP*533223*SK*533223*UP*732336100009
PID*F****ANNUAL BEDDING JUMBO 6PK (1.1QT/1L)
PO4**8*EA
PO1*0004*1*EA*1.36**VP*611599*SK*611599*UP*732336452009
PID*F****GERANIUM IVY 4IN(1.2PT/574ML)
PO4**1*EA
PO1*0005*1*EA*1.36**VP*611724*SK*611724*UP*732336451002
PID*F****GERANIUM ZONAL 4IN (1.2PT/574ML)
PO4**1*EA
PO1*0006*2*EA*2.44**VP*614474*SK*614474*UP*732336096500
PID*F****ROSE MINI 1 QT(25.36FLOZ/750ML)
PO4**16*EA
PO1*0007*1*EA*10.7**VP*614513*SK*614513*UP*732336190000
PID*F****ANNUAL PRO 18 PAK (2.02G/7.66L)
PO4**1*EA
PO1*0008*2*EA*6.75**VP*614519*SK*614519*UP*732336170002
PID*F****ANNUAL HALF FLATS ASST(1.1G/4L)
PO4**1*EA
CTT*8*13
AMT*TT*58.98
SE*37*000024948
ST*850*000024949
BEG*00*CN*37077285**20061223*6637077285
CUR*BY*USD
DTM*038*20061224
N1*OB**92*6637
N3*3400 W FLORIDA
N4*HEMET*CA*92545
REF*DP*028
REF*3J*0005
REF*MR*0000073179
PO1*0005*3*EA*1.85**VP*JP VEGGIE*SK*582185*UP*732336280008
PID*F****VEGETABLE JUMBO 6PLT/PK(1.1QT/1L)
PO4**1*EA
PO1*0004*2*EA*1.18**VP*REF 453129*SK*533411*UP*732336320001
PID*F****HERB 4 IN. (15 FL.OZ./42ML)
PO4**1*EA
PO1*0001*8*EA*2.44**VP*260429*SK*260429*UP*732336450500
PID*F****CYCLAMEN OUTDOOR 4IN
PO4**16*EA
PO1*0002*2*EA*2.61**VP*446467*SK*446467*UP*732336373007
PID*F****GERANIUM IVY 1G (.0634G/2.4L)
PO4**1*EA
PO1*0003*1*EA*1.9**VP*533223*SK*533223*UP*732336100009
PID*F****ANNUAL BEDDING JUMBO 6PK (1.1QT/1L)
PO4**8*EA
PO1*0006*1*EA*2.4**VP*599968*SK*599968*UP*732336370402
PID*F****FELICIA BLUE MARGUERITE(.0634/2.4L)
PO4**1*EA
PO1*0007*5*EA*2.4**VP*601412*SK*601412*UP*732336370389
PID*F****EURYOPS 1G (.0634G/2.4L)
PO4**1*EA
PO1*0008*1*EA*2.05**VP*607156*SK*607156*UP*732336352859
PID*F****ANNUAL STOCK 1G (.0634G/2.4L)
PO4**1*EA
PO1*0009*1*EA*2.05**VP*608315*SK*608315*UP*732336351043
PID*F****KALE 1G (.0635G/2.4L)
PO4**1*EA
PO1*0010*4*EA*2.98**VP*610961*SK*610961*UP*732336376008
PID*F****GERBERA DAISY 1G(.0634G/2.4L)
PO4**1*EA
PO1*0011*2*EA*1.36**VP*611599*SK*611599*UP*732336452009
PID*F****GERANIUM IVY 4IN(1.2PT/574ML)
PO4**1*EA
PO1*0012*6*EA*1.25**VP*612622*SK*612622*UP*732336451835
PID*F****HYACINTH OUTDOOR 4IN(1.2PT/574ML)
PO4**1*EA
PO1*0013*1*EA*1.25**VP*613193*SK*613193*UP*732336451453
PID*F****NARCISSUS DAFFODIL 4IN(1.2PT/574ML)
PO4**1*EA
PO1*0014*1*EA*1.61**VP*613218*SK*613218*UP*732336440006
PID*F****PERENNIAL WINNER 4IN (1.2PT/574ML)
PO4**1*EA
PO1*0015*2*EA*3.26**VP*617968*SK*617968*UP*732336360700
PID*F****SENECIO PREM. SELECT 1G(.0634G/2.4L)
PO4**1*EA
CTT*15*40
AMT*TT*128.98
SE*58*000024949
ST*850*000024950
BEG*00*CN*73085754**20061223*6673085754
CUR*BY*USD
DTM*038*20061224
N1*OB**92*6673
N3*9700 LOWER AZUSA ROAD
N4*EL MONTE*CA*91731
REF*DP*028
REF*3J*0005
REF*MR*0000073179
PO1*0001*3*EA*2.44**VP*260429*SK*260429*UP*732336450500
PID*F****CYCLAMEN OUTDOOR 4IN
PO4**16*EA
PO1*0002*5*EA*1.9**VP*533223*SK*533223*UP*732336100009
PID*F****ANNUAL BEDDING JUMBO 6PK (1.1QT/1L)
PO4**8*EA
PO1*0003*3*EA*2.05**VP*607895*SK*607895*UP*732336352651
PID*F****SNAPDRAGON 1G (.0634G/2.4L)
PO4**1*EA
PO1*0004*1*EA*1.81**VP*611248*SK*611248*UP*732336090003
PID*F****PERENNIAL 1QT (25.36FLOZ/750ML)
PO4**1*EA
PO1*0005*1*EA*9.3**VP*611441*SK*611441*UP*732336602503
PID*F****ANNUAL 14IN COLOR BOWL(2.08G/7.87L)
PO4**1*EA
PO1*0006*6*EA*1.25**VP*612622*SK*612622*UP*732336451835
PID*F****HYACINTH OUTDOOR 4IN(1.2PT/574ML)
PO4**1*EA
PO1*0007*2*EA*1.25**VP*613193*SK*613193*UP*732336451453
PID*F****NARCISSUS DAFFODIL 4IN(1.2PT/574ML)
PO4**1*EA
PO1*0008*4*EA*10.7**VP*614513*SK*614513*UP*732336190000
PID*F****ANNUAL PRO 18 PAK (2.02G/7.66L)
PO4**1*EA
PO1*0009*2*EA*6.75**VP*614519*SK*614519*UP*732336170002
PID*F****ANNUAL HALF FLATS ASST(1.1G/4L)
PO4**1*EA
PO1*0010*4*EA*.79**VP*615950*SK*615950*UP*732336200006
PID*F****ANNUAL BEDDING 4IN(1.52PT/720ML)
PO4**1*EA
CTT*10*31
AMT*TT*141.09
SE*43*000024950
ST*850*000024951
BEG*00*CN*26060845**20061223*8426060845
CUR*BY*USD
DTM*038*20061224
N1*OB**92*8426
N3*601 WOOLLOMES AVE
N4*DELANO*CA*93215
REF*DP*028
REF*3J*0005
REF*MR*0000073179
PO1*0001*4*EA*2.45**VP*260429*SK*260429*UP*732336450500
PID*F****CYCLAMEN OUTDOOR 4IN
PO4**16*EA
PO1*0002*2*EA*1.91**VP*533223*SK*533223*UP*732336100009
PID*F****ANNUAL BEDDING JUMBO 6PK (1.1QT/1L)
PO4**1*EA
PO1*0003*4*EA*1.62**VP*613218*SK*613218*UP*732336440006
PID*F****PERENNIAL WINNER 4IN (1.2PT/574ML)
PO4**1*EA
PO1*0004*2*EA*10.71**VP*614513*SK*614513*UP*732336190000
PID*F****ANNUAL PRO 18 PAK (2.02G/7.66L)
PO4**1*EA
PO1*0005*2*EA*2.96**VP*615571*SK*615571*UP*732336120007
PID*F****BULB 6PCAK 6CELL(1.27QT/1.2L
PO4**1*EA
CTT*5*14
AMT*TT*64.9
SE*28*000024951
GE*7*4269
IEA*1*000004893
ISA*00*          *00*          *14*0722717110100  *01*148468275      *061223*0538*|*00406*000004894*0*P*>
GS*PO*072271711*148468275*20061223*0538*4270*X*004060
ST*850*000024952
BEG*00*CN*53038374**20061223*0653038374
CUR*BY*USD
DTM*038*20061224
N1*OB**92*0653
N3*20642 GOLDEN TRIANGLE RD
N4*SANTA CLARITA*CA*91350
REF*DP*028
REF*3J*0005
REF*MR*0000073179
PO1*0001*3*EA*2.44**VP*260429*SK*260429*UP*732336450500
PID*F****CYCLAMEN OUTDOOR 4IN
PO4**16*EA
PO1*0002*20*EA*1.9**VP*533223*SK*533223*UP*732336100009
PID*F****ANNUAL BEDDING JUMBO 6PK (1.1QT/1L)
PO4**8*EA
PO1*0003*5*EA*1.25**VP*612622*SK*612622*UP*732336451835
PID*F****HYACINTH OUTDOOR 4IN(1.2PT/574ML)
PO4**1*EA
PO1*0004*2*EA*1.61**VP*613218*SK*613218*UP*732336440006
PID*F****PERENNIAL WINNER 4IN (1.2PT/574ML)
PO4**1*EA
PO1*0005*2*EA*10.7**VP*614513*SK*614513*UP*732336190000
PID*F****ANNUAL PRO 18 PAK (2.02G/7.66L)
PO4**1*EA
PO1*0006*4*EA*6.75**VP*614519*SK*614519*UP*732336170002
PID*F****ANNUAL HALF FLATS ASST(1.1G/4L)
PO4**1*EA
CTT*6*36
AMT*TT*134.44
SE*31*000024952
ST*850*000024953
BEG*00*CN*83085931**20061223*0683085931
CUR*BY*USD
DTM*038*20061224
N1*OB**92*0683
N3*1055 W 21ST STREET
N4*SAN BERNARDINO*CA*92405
REF*DP*028
REF*3J*0005
REF*MR*0000073179
PO1*0001*2*EA*15.2**VP*210272*SK*210272*UP*732336146663
PID*F****JUMBO COLOR PACK FULL FLAT
PO4**1*EA
PO1*0002*10*EA*2.44**VP*260429*SK*260429*UP*732336450500
PID*F****CYCLAMEN OUTDOOR 4IN
PO4**16*EA
PO1*0003*26*EA*1.9**VP*533223*SK*533223*UP*732336100009
PID*F****ANNUAL BEDDING JUMBO 6PK (1.1QT/1L)
PO4**8*EA
PO1*0004*4*EA*1.36**VP*611724*SK*611724*UP*732336451002
PID*F****GERANIUM ZONAL 4IN (1.2PT/574ML)
PO4**1*EA
PO1*0005*1*EA*10.9**VP*614317*SK*614317*UP*732336590008
PID*F****ANNUAL 10IN REDWOOD TUB(2.9G/11.1L)
PO4**1*EA
PO1*0006*1*EA*10.7**VP*614513*SK*614513*UP*732336190000
PID*F****ANNUAL PRO 18 PAK (2.02G/7.66L)
PO4**1*EA
PO1*0007*2*EA*6.75**VP*614519*SK*614519*UP*732336170002
PID*F****ANNUAL HALF FLATS ASST(1.1G/4L)
PO4**1*EA
PO1*0008*2*EA*11.27**VP*614623*SK*614623*UP*732336160003
PID*F****ANNUAL 49ER FLAT ASST(1.3G/4.9L)
PO4**1*EA
CTT*8*48
AMT*TT*209.8
SE*37*000024953
ST*850*000024954
BEG*00*CN*53035410**20061223*1053035410
CUR*BY*USD
DTM*038*20061224
N1*OB**92*1053
N3*1475 E VALLEY PARKWAY
N4*ESCONDIDO*CA*92027
REF*DP*028
REF*3J*0005
REF*MR*0000073179
PO1*0001*8*EA*2.05**VP*607156*SK*607156*UP*732336352859
PID*F****ANNUAL STOCK 1G (.0634G/2.4L)
PO4**1*EA
PO1*0002*2*EA*2.05**VP*607895*SK*607895*UP*732336352651
PID*F****SNAPDRAGON 1G (.0634G/2.4L)
PO4**1*EA
PO1*0003*4*EA*1.36**VP*611599*SK*611599*UP*732336452009
PID*F****GERANIUM IVY 4IN(1.2PT/574ML)
PO4**1*EA
PO1*0004*2*EA*1.36**VP*611724*SK*611724*UP*732336451002
PID*F****GERANIUM ZONAL 4IN (1.2PT/574ML)
PO4**1*EA
PO1*0005*5*EA*1.61**VP*613218*SK*613218*UP*732336440006
PID*F****PERENNIAL WINNER 4IN (1.2PT/574ML)
PO4**1*EA
PO1*0006*1*EA*2.44**VP*614474*SK*614474*UP*732336096500
PID*F****ROSE MINI 1 QT(25.36FLOZ/750ML)
PO4**16*EA
PO1*0007*14*EA*6.75**VP*614519*SK*614519*UP*732336170002
PID*F****ANNUAL HALF FLATS ASST(1.1G/4L)
PO4**1*EA
PO1*0008*1*EA*3.26**VP*617968*SK*617968*UP*732336360700
PID*F****SENECIO PREM. SELECT 1G(.0634G/2.4L)
PO4**1*EA
CTT*8*37
AMT*TT*197.99
SE*37*000024954
GE*3*4270
IEA*1*000004894
ISA*00*          *00*          *14*0722717110100  *01*148468275      *061223*0553*|*00406*000004895*0*P*>
GS*PO*072271711*148468275*20061223*0553*4271*X*004060
ST*850*000024955
BEG*00*CN*11073671**20061223*6611073671
CUR*BY*USD
DTM*038*20061224
N1*OB**92*6611
N3*12975 W JEFFERSON BLVD
N4*LOS ANGELES*CA*90066
REF*DP*028
REF*3J*0005
REF*MR*0000073179
PO1*0001*3*EA*2.05**VP*611024*SK*611024*UP*732336080004
PID*F****GRASS 1QT ASST(25.36FLOZ/750ML)
PO4**1*EA
PO1*0002*16*EA*1.81**VP*611248*SK*611248*UP*732336090003
PID*F****PERENNIAL 1QT (25.36FLOZ/750ML)
PO4**1*EA
PO1*0003*46*EA*1.25**VP*612622*SK*612622*UP*732336451835
PID*F****HYACINTH OUTDOOR 4IN(1.2PT/574ML)
PO4**1*EA
PO1*0004*5*EA*1.25**VP*613193*SK*613193*UP*732336451453
PID*F****NARCISSUS DAFFODIL 4IN(1.2PT/574ML)
PO4**1*EA
PO1*0005*12*EA*2.05**VP*613835*SK*613835*UP*732336330000
PID*F****HERB 5.5IN ASST(39FLOZ/1.1L)
PO4**9*EA
PO1*0006*9*EA*2.95**VP*615571*SK*615571*UP*732336120007
PID*F****BULB 6PCAK 6CELL(1.27QT/1.2L
PO4**1*EA
CTT*6*91
AMT*TT*225.87
SE*31*000024955
GE*1*4271
IEA*1*000004895
ISA*00*          *00*          *14*0722717110100  *01*148468275      *061223*0616*|*00406*000004896*0*P*>
GS*PO*072271711*148468275*20061223*0616*4272*X*004060
ST*850*000024956
BEG*00*CN*38044006**20061223*0638044006
CUR*BY*USD
DTM*038*20061224
N1*OB**92*0638
N3*340 WEST AVENUE P
N4*PALMDALE*CA*93551
REF*DP*028
REF*3J*0005
REF*MR*0000073179
PO1*0001*32*EA*1.9**VP*533223*SK*533223*UP*732336100009
PID*F****ANNUAL BEDDING JUMBO 6PK (1.1QT/1L)
PO4**8*EA
PO1*0002*3*EA*1.25**VP*613193*SK*613193*UP*732336451453
PID*F****NARCISSUS DAFFODIL 4IN(1.2PT/574ML)
PO4**1*EA
PO1*0003*2*EA*6.75**VP*614519*SK*614519*UP*732336170002
PID*F****ANNUAL HALF FLATS ASST(1.1G/4L)
PO4**1*EA
CTT*3*37
AMT*TT*91.77
SE*22*000024956
ST*850*000024957
BEG*00*CN*69011544**20061223*0669011544
CUR*BY*USD
DTM*038*20061224
N1*OB**92*0669
N3*12185 CARMEL MOUNTAIN RD
N4*SAN DIEGO*CA*92128
REF*DP*028
REF*3J*0005
REF*MR*0000073179
PO1*0001*3*EA*2.05**VP*608596*SK*608596*UP*732336350909
PID*F****IMPATIEN 1G (.06354G/2.4L)
PO4**1*EA
PO1*0002*1*EA*1.81**VP*611248*SK*611248*UP*732336090003
PID*F****PERENNIAL 1QT (25.36FLOZ/750ML)
PO4**1*EA
PO1*0003*2*EA*7.61**VP*611341*SK*611341*UP*732336601001
PID*F****ANNUAL COLOR BOWL 12IN(1.31G/4.95L)
PO4**1*EA
PO1*0004*8*EA*1.61**VP*613218*SK*613218*UP*732336440006
PID*F****PERENNIAL WINNER 4IN (1.2PT/574ML)
PO4**1*EA
PO1*0005*1*EA*10.9**VP*614317*SK*614317*UP*732336590008
PID*F****ANNUAL 10IN REDWOOD TUB(2.9G/11.1L)
PO4**1*EA
PO1*0006*16*EA*6.75**VP*614519*SK*614519*UP*732336170002
PID*F****ANNUAL HALF FLATS ASST(1.1G/4L)
PO4**1*EA
CTT*6*31
AMT*TT*215.39
SE*31*000024957
ST*850*000024958
BEG*00*CN*32045315**20061223*1032045315
CUR*BY*USD
DTM*038*20061224
N1*OB**92*1032
N3*355 MARKETPLACE AVENUE
N4*SAN DIEGO*CA*92113
REF*DP*028
REF*3J*0005
REF*MR*0000073179
PO1*0001*9*EA*1.81**VP*611248*SK*611248*UP*732336090003
PID*F****PERENNIAL 1QT (25.36FLOZ/750ML)
PO4**1*EA
PO1*0002*1*EA*1.36**VP*611724*SK*611724*UP*732336451002
PID*F****GERANIUM ZONAL 4IN (1.2PT/574ML)
PO4**1*EA
PO1*0003*13*EA*1.61**VP*613218*SK*613218*UP*732336440006
PID*F****PERENNIAL WINNER 4IN (1.2PT/574ML)
PO4**1*EA
PO1*0004*1*EA*2.05**VP*613835*SK*613835*UP*732336330000
PID*F****HERB 5.5IN ASST(39FLOZ/1.1L)
PO4**9*EA
CTT*4*24
AMT*TT*64.06
SE*25*000024958
ST*850*000024959
BEG*00*CN*51078077**20061223*6651078077
CUR*BY*USD
DTM*038*20061224
N1*OB**92*6651
N3*44226 20TH ST WEST
N4*LANCASTER*CA*93534
REF*DP*028
REF*3J*0005
REF*MR*0000073179
PO1*0001*4*EA*15.2**VP*210272*SK*210272*UP*732336146663
PID*F****JUMBO COLOR PACK FULL FLAT
PO4**1*EA
PO1*0002*5*EA*1.9**VP*533223*SK*533223*UP*732336100009
PID*F****ANNUAL BEDDING JUMBO 6PK (1.1QT/1L)
PO4**8*EA
PO1*0003*1*EA*10.9**VP*614317*SK*614317*UP*732336590008
PID*F****ANNUAL 10IN REDWOOD TUB(2.9G/11.1L)
PO4**1*EA
PO1*0004*3*EA*10.7**VP*614513*SK*614513*UP*732336190000
PID*F****ANNUAL PRO 18 PAK (2.02G/7.66L)
PO4**1*EA
CTT*4*13
AMT*TT*128.21
SE*25*000024959
GE*4*4272
IEA*1*000004896
ISA*00*          *00*          *14*0722717110100  *01*148468275      *061223*0652*|*00406*000004897*0*P*>
GS*PO*072271711*148468275*20061223*0652*4273*X*004060
ST*850*000024960
BEG*00*CN*23002832**20061223*6623002832
CUR*BY*USD
DTM*038*20061224
N1*OB**92*6623
N3*6975 MARKETPLACE DR
N4*GOLETA*CA*93117
REF*DP*028
REF*3J*0005
REF*MR*0000073179
PO1*0001*2*EA*2.05**VP*613835*SK*613835*UP*732336330000
PID*F****HERB 5.5IN ASST(39FLOZ/1.1L)
PO4**9*EA
PO1*0002*1*EA*2.44**VP*614474*SK*614474*UP*732336096500
PID*F****ROSE MINI 1 QT(25.36FLOZ/750ML)
PO4**16*EA
CTT*2*3
AMT*TT*9.71
SE*19*000024960
GE*1*4273
IEA*1*000004897
ISA*00*          *00*          *14*0722717110100  *01*148468275      *061223*0709*|*00406*000004898*0*P*>
GS*PO*072271711*148468275*20061223*0709*4274*X*004060
ST*850*000024961
BEG*00*CN*12002791**20061223*6612002791
CUR*BY*USD
DTM*038*20061224
N1*OB**92*6612
N3*1550 W VALLEY PARKWAY
N4*ESCONDIDO*CA*92029
REF*DP*028
REF*3J*0005
REF*MR*0000073179
PO1*0001*3*EA*2.46**VP*500010*SK*500010*UP*732336093752
PID*F****FLOWERING ASST. 1QT (25.36 OZ/750ML)
PO4**16*EA
PO1*0002*1*EA*1.81**VP*611248*SK*611248*UP*732336090003
PID*F****PERENNIAL 1QT (25.36FLOZ/750ML)
PO4**1*EA
PO1*0003*2*EA*2.44**VP*614474*SK*614474*UP*732336096500
PID*F****ROSE MINI 1 QT(25.36FLOZ/750ML)
PO4**16*EA
PO1*0004*1*EA*6.75**VP*614519*SK*614519*UP*732336170002
PID*F****ANNUAL HALF FLATS ASST(1.1G/4L)
PO4**1*EA
CTT*4*7
AMT*TT*31.91
SE*25*000024961
ST*850*000024962
BEG*00*CN*87036401**20061223*6687036401
CUR*BY*USD
DTM*038*20061224
N1*OB**92*6687
N3*4700 GOSFORD ROAD
N4*BAKERSFIELD*CA*93313
REF*DP*028
REF*3J*0005
REF*MR*0000073179
PO1*0001*2*EA*2.45**VP*260429*SK*260429*UP*732336450500
PID*F****CYCLAMEN OUTDOOR 4IN
PO4**16*EA
PO1*0002*18*EA*1.91**VP*533223*SK*533223*UP*732336100009
PID*F****ANNUAL BEDDING JUMBO 6PK (1.1QT/1L)
PO4**1*EA
PO1*0003*9*EA*2.06**VP*607156*SK*607156*UP*732336352859
PID*F****ANNUAL STOCK 1G (.0634G/2.4L)
PO4**1*EA
PO1*0004*2*EA*2.99**VP*610961*SK*610961*UP*732336376008
PID*F****GERBERA DAISY 1G(.0634G/2.4L)
PO4**1*EA
PO1*0005*3*EA*1.82**VP*611248*SK*611248*UP*732336090003
PID*F****PERENNIAL 1QT (25.36FLOZ/750ML)
PO4**1*EA
PO1*0006*2*EA*2.45**VP*614474*SK*614474*UP*732336096500
PID*F****ROSE MINI 1 QT(25.36FLOZ/750ML)
PO4**16*EA
PO1*0007*11*EA*10.71**VP*614513*SK*614513*UP*732336190000
PID*F****ANNUAL PRO 18 PAK (2.02G/7.66L)
PO4**1*EA
PO1*0008*1*EA*11.28**VP*614623*SK*614623*UP*732336160003
PID*F****ANNUAL 49ER FLAT ASST(1.3G/4.9L)
PO4**1*EA
CTT*8*48
AMT*TT*270.02
SE*37*000024962
GE*2*4274
IEA*1*000004898
ISA*00*          *00*          *14*0722717110100  *01*148468275      *061223*0741*|*00406*000004899*0*P*>
GS*PO*072271711*148468275*20061223*0741*4275*X*004060
ST*850*000024963
BEG*00*CN*87026484**20061223*0687026484
CUR*BY*USD
DTM*038*20061224
N1*OB**92*0687
N3*250 S MOUNTAIN
N4*UPLAND*CA*91786
REF*DP*028
REF*3J*0005
REF*MR*0000073179
PO1*0001*59*EA*1.9**VP*533223*SK*533223*UP*732336100009
PID*F****ANNUAL BEDDING JUMBO 6PK (1.1QT/1L)
PO4**8*EA
PO1*0002*15*EA*2.05**VP*606928*SK*606928*UP*732336352026
PID*F****PAPAVER ICELAND POPPY 1G(.0634G/2.4L
PO4**1*EA
PO1*0003*1*EA*2.05**VP*607895*SK*607895*UP*732336352651
PID*F****SNAPDRAGON 1G (.0634G/2.4L)
PO4**1*EA
PO1*0004*1*EA*1.61**VP*613218*SK*613218*UP*732336440006
PID*F****PERENNIAL WINNER 4IN (1.2PT/574ML)
PO4**1*EA
PO1*0005*2*EA*2.44**VP*614474*SK*614474*UP*732336096500
PID*F****ROSE MINI 1 QT(25.36FLOZ/750ML)
PO4**16*EA
PO1*0006*3*EA*10.7**VP*614513*SK*614513*UP*732336190000
PID*F****ANNUAL PRO 18 PAK (2.02G/7.66L)
PO4**1*EA
PO1*0007*11*EA*.79**VP*615950*SK*615950*UP*732336200006
PID*F****ANNUAL BEDDING 4IN(1.52PT/720ML)
PO4**1*EA
CTT*7*92
AMT*TT*250.06
SE*34*000024963
GE*1*4275
IEA*1*000004899
ISA*00*          *00*          *14*0722717110100  *01*148468275      *061223*0806*|*00406*000004900*0*P*>
GS*PO*072271711*148468275*20061223*0806*4276*X*004060
ST*850*000024964
BEG*00*CN*46045799**20061223*6646045799
CUR*BY*USD
DTM*038*20061224
N1*OB**92*6646
N3*7100 WARNER AVE
N4*HUNTINGTON BEACH*CA*92647
REF*DP*028
REF*3J*0005
REF*MR*0000073179
PO1*0001*56*EA*2.44**VP*260429*SK*260429*UP*732336450500
PID*F****CYCLAMEN OUTDOOR 4IN
PO4**16*EA
PO1*0002*67*EA*1.9**VP*533223*SK*533223*UP*732336100009
PID*F****ANNUAL BEDDING JUMBO 6PK (1.1QT/1L)
PO4**8*EA
PO1*0003*9*EA*2.05**VP*607156*SK*607156*UP*732336352859
PID*F****ANNUAL STOCK 1G (.0634G/2.4L)
PO4**1*EA
PO1*0004*3*EA*2.05**VP*608596*SK*608596*UP*732336350909
PID*F****IMPATIEN 1G (.06354G/2.4L)
PO4**1*EA
PO1*0005*1*EA*2.98**VP*610961*SK*610961*UP*732336376008
PID*F****GERBERA DAISY 1G(.0634G/2.4L)
PO4**1*EA
PO1*0006*6*EA*1.81**VP*611248*SK*611248*UP*732336090003
PID*F****PERENNIAL 1QT (25.36FLOZ/750ML)
PO4**1*EA
PO1*0007*3*EA*1.36**VP*611724*SK*611724*UP*732336451002
PID*F****GERANIUM ZONAL 4IN (1.2PT/574ML)
PO4**1*EA
PO1*0008*25*EA*1.25**VP*612622*SK*612622*UP*732336451835
PID*F****HYACINTH OUTDOOR 4IN(1.2PT/574ML)
PO4**1*EA
PO1*0009*14*EA*1.25**VP*613193*SK*613193*UP*732336451453
PID*F****NARCISSUS DAFFODIL 4IN(1.2PT/574ML)
PO4**1*EA
PO1*0010*4*EA*1.61**VP*613218*SK*613218*UP*732336440006
PID*F****PERENNIAL WINNER 4IN (1.2PT/574ML)
PO4**1*EA
PO1*0011*6*EA*2.44**VP*614474*SK*614474*UP*732336096500
PID*F****ROSE MINI 1 QT(25.36FLOZ/750ML)
PO4**16*EA
PO1*0012*5*EA*10.7**VP*614513*SK*614513*UP*732336190000
PID*F****ANNUAL PRO 18 PAK (2.02G/7.66L)
PO4**1*EA
PO1*0013*6*EA*6.75**VP*614519*SK*614519*UP*732336170002
PID*F****ANNUAL HALF FLATS ASST(1.1G/4L)
PO4**1*EA
PO1*0014*7*EA*11.27**VP*614623*SK*614623*UP*732336160003
PID*F****ANNUAL 49ER FLAT ASST(1.3G/4.9L)
PO4**1*EA
PO1*0015*3*EA*2.95**VP*615571*SK*615571*UP*732336120007
PID*F****BULB 6PCAK 6CELL(1.27QT/1.2L
PO4**1*EA
PO1*0016*2*EA*.79**VP*615950*SK*615950*UP*732336200006
PID*F****ANNUAL BEDDING 4IN(1.52PT/720ML)
PO4**1*EA
CTT*16*217
AMT*TT*783.93
SE*61*000024964
GE*1*4276
IEA*1*000004900
ISA*00*          *00*          *14*0722717110100  *01*148468275      *061223*0824*|*00406*000004901*0*P*>
GS*PO*072271711*148468275*20061223*0824*4277*X*004060
ST*850*000024965
BEG*00*CN*89050694**20061223*6689050694
CUR*BY*USD
DTM*038*20061224
N1*OB**92*6689
N3*2055 N FIGUEROA ST
N4*LOS ANGELES*CA*90065
REF*DP*028
REF*3J*0005
REF*MR*0000073179
PO1*0001*11*EA*2.44**VP*614474*SK*614474*UP*732336096500
PID*F****ROSE MINI 1 QT(25.36FLOZ/750ML)
PO4**16*EA
CTT*1*11
AMT*TT*41.47
SE*16*000024965
GE*1*4277
IEA*1*000004901
