ISA*00*          *00*          *14*072271711USAP  *01*148468275      *100908*0622*^*00406*000002731*1*P*>~GS*RA*072271711USAP*148468275*20100908*0622*2721*X*004060~ST*820*2721~BPR*I*21546.5*C*CHK*PBC~TRN*1*2005839990~CUR*BY*USD~REF*ZZ*0001897258~DTM*020*20100908~N1*PE*COLORAMA WHOLESALE NURSERY~REF*VR*187714~N1*PR*HOME DEPOT U.S.A., INC.~ENT*1~RMR*OS*06108731**-7.65*-7.65*0*CM*0~REF*PO*CONSIGNM~DTM*999*20100904~RMR*OS*06108737**-6.75*-6.75*0*CM*0~REF*PO*CONSIGNM~DTM*999*20100906~RMR*OS*06163779**-35.34*-35.34*0*CM*0~REF*PO*CONSIGNM~DTM*999*20100906~RMR*OS*06386971**-7.41*-7.41*0*CM*0~REF*PO*CONSIGNM~DTM*999*20100904~RMR*OS*06386975**-18.9*-18.9*0*CM*0~REF*PO*CONSIGNM~DTM*999*20100905~RMR*OS*06386977**-6.12*-6.12*0*CM*0~REF*PO*CONSIGNM~DTM*999*20100906~RMR*OS*06451849**-4.34*-4.34*0*CM*0~REF*PO*CONSIGNM~DTM*999*20100904~RMR*OS*06451852**-13.02*-13.02*0*CM*0~REF*PO*CONSIGNM~DTM*999*20100905~RMR*OS*06451854**-23.55*-23.55*0*CM*0~REF*PO*CONSIGNM~DTM*999*20100906~RMR*OS*06489854**-4.9*-4.9*0*CM*0~REF*PO*CONSIGNM~DTM*999*20100905~RMR*OS*06489858**-36*-36*0*CM*0~REF*PO*CONSIGNM~DTM*999*20100906~RMR*OS*06492177**-41.39*-41.39*0*CM*0~REF*PO*CONSIGNM~DTM*999*20100904~RMR*OS*06492179**-49.46*-49.46*0*CM*0~REF*PO*CONSIGNM~DTM*999*20100905~RMR*OS*06492184**-23.54*-23.54*0*CM*0~REF*PO*CONSIGNM~DTM*999*20100906~RMR*OS*06654415**-15.56*-15.56*0*CM*0~REF*PO*CONSIGNM~DTM*999*20100904~RMR*OS*06654418**-1.78*-1.78*0*CM*0~REF*PO*CONSIGNM~DTM*999*20100905~RMR*OS*06673018**-3.56*-3.56*0*CM*0~REF*PO*CONSIGNM~DTM*999*20100904~RMR*OS*06673022**-2.25*-2.25*0*CM*0~REF*PO*CONSIGNM~DTM*999*20100905~RMR*OS*06689494**-15.66*-15.66*0*CM*0~REF*PO*CONSIGNM~DTM*999*20100904~RMR*OS*06689502**-42.88*-42.88*0*CM*0~REF*PO*CONSIGNM~DTM*999*20100905~RMR*OS*06833503**-3.95*-3.95*0*CM*0~REF*PO*CONSIGNM~DTM*999*20100905~RMR*OS*06833506**-22.18*-22.18*0*CM*0~REF*PO*CONSIGNM~DTM*999*20100906~RMR*OS*06875117**-12.54*-12.54*0*CM*0~REF*PO*CONSIGNM~DTM*999*20100904~RMR*OS*06875121**-25.5*-25.5*0*CM*0~REF*PO*CONSIGNM~DTM*999*20100905~RMR*OS*06875124**-48.8*-48.8*0*CM*0~REF*PO*CONSIGNM~DTM*999*20100906~RMR*OS*10055874**-6.55*-6.55*0*CM*0~REF*PO*CONSIGNM~DTM*999*20100904~RMR*OS*10108542**-13.5*-13.5*0*CM*0~REF*PO*CONSIGNM~DTM*999*20100904~RMR*OS*10126031**-20.45*-20.45*0*CM*0~REF*PO*CONSIGNM~DTM*999*20100904~RMR*OS*10126033**-56.47*-56.47*0*CM*0~REF*PO*CONSIGNM~DTM*999*20100905~RMR*OS*10126080**-1.78*-1.78*0*CM*0~REF*PO*CONSIGNM~DTM*999*20100906~RMR*OS*10134305**-7.12*-7.12*0*CM*0~REF*PO*CONSIGNM~DTM*999*20100904~RMR*OS*10134306**-27.85*-27.85*0*CM*0~REF*PO*CONSIGNM~DTM*999*20100905~RMR*OS*10134311**-33.6*-33.6*0*CM*0~REF*PO*CONSIGNM~DTM*999*20100906~RMR*OS*10283873**-29.46*-29.46*0*CM*0~REF*PO*CONSIGNM~DTM*999*20100904~RMR*OS*10283886**-44.88*-44.88*0*CM*0~REF*PO*CONSIGNM~DTM*999*20100905~RMR*OS*10283889**-31.8*-31.8*0*CM*0~REF*PO*CONSIGNM~DTM*999*20100906~RMR*OS*10318883**-3.56*-3.56*0*CM*0~REF*PO*CONSIGNM~DTM*999*20100904~RMR*OS*10318885**-2.55*-2.55*0*CM*0~REF*PO*CONSIGNM~DTM*999*20100905~RMR*OS*10318889**-20.77*-20.77*0*CM*0~REF*PO*CONSIGNM~DTM*999*20100906~RMR*OS*10402426**-53.42*-53.42*0*CM*0~REF*PO*CONSIGNM~DTM*999*20100904~RMR*OS*10402428**-8.6*-8.6*0*CM*0~REF*PO*CONSIGNM~DTM*999*20100905~RMR*OS*10402432**-6.55*-6.55*0*CM*0~REF*PO*CONSIGNM~DTM*999*20100906~RMR*OS*10521903**-2.75*-2.75*0*CM*0~REF*PO*CONSIGNM~DTM*999*20100904~RMR*OS*10521908**-5.16*-5.16*0*CM*0~REF*PO*CONSIGNM~DTM*999*20100906~RMR*OS*10590330**-57.03*-57.03*0*CM*0~REF*PO*CONSIGNM~DTM*999*20100904~RMR*OS*10622004**-7.32*-7.32*0*CM*0~REF*PO*CONSIGNM~DTM*999*20100906~RMR*OS*10700067**-12.24*-12.24*0*CM*0~REF*PO*CONSIGNM~DTM*999*20100904~RMR*OS*10772492**-1.78*-1.78*0*CM*0~REF*PO*CONSIGNM~DTM*999*20100905~RMR*OS*10834603**-18*-18*0*CM*0~REF*PO*CONSIGNM~DTM*999*20100904~RMR*OS*10834606**-66.02*-66.02*0*CM*0~REF*PO*CONSIGNM~DTM*999*20100905~RMR*OS*10834608**-14.25*-14.25*0*CM*0~REF*PO*CONSIGNM~DTM*999*20100906~RMR*OS*10899526**-13.1*-13.1*0*CM*0~REF*PO*CONSIGNM~DTM*999*20100904~RMR*OS*10899530**-10.98*-10.98*0*CM*0~REF*PO*CONSIGNM~DTM*999*20100905~RMR*OS*18445571**-27*-27*0*CM*0~REF*PO*CONSIGNM~DTM*999*20100904~RMR*OS*18445573**-10.54*-10.54*0*CM*0~REF*PO*CONSIGNM~DTM*999*20100905~RMR*OS*18445576**-14.25*-14.25*0*CM*0~REF*PO*CONSIGNM~DTM*999*20100906~RMR*OS*18458629**-19.8*-19.8*0*CM*0~REF*PO*CONSIGNM~DTM*999*20100905~RMR*OS*18458634**-10.24*-10.24*0*CM*0~REF*PO*CONSIGNM~DTM*999*20100906~RMR*OS*18570109**-3.6*-3.6*0*CM*0~REF*PO*CONSIGNM~DTM*999*20100905~RMR*OS*18570111**-15*-15*0*CM*0~REF*PO*CONSIGNM~DTM*999*20100906~RMR*OS*18587322**-32.11*-32.11*0*CM*0~REF*PO*CONSIGNM~DTM*999*20100905~RMR*OS*66142154**-17.4*-17.4*0*CM*0~REF*PO*CONSIGNM~DTM*999*20100904~RMR*OS*66142159**-11.5*-11.5*0*CM*0~REF*PO*CONSIGNM~DTM*999*20100905~RMR*OS*66142163**-2.25*-2.25*0*CM*0~REF*PO*CONSIGNM~DTM*999*20100906~RMR*OS*66166762**-72*-72*0*CM*0~REF*PO*CONSIGNM~DTM*999*20100905~RMR*OS*66179618**-53.9*-53.9*0*CM*0~REF*PO*CONSIGNM~DTM*999*20100904~RMR*OS*66179625**-13.5*-13.5*0*CM*0~REF*PO*CONSIGNM~DTM*999*20100905~RMR*OS*66232727**-19.64*-19.64*0*CM*0~REF*PO*CONSIGNM~DTM*999*20100904~RMR*OS*66232731**-41.98*-41.98*0*CM*0~REF*PO*CONSIGNM~DTM*999*20100905~RMR*OS*66232786**-22.73*-22.73*0*CM*0~REF*PO*CONSIGNM~DTM*999*20100906~RMR*OS*66292848**-10.1*-10.1*0*CM*0~REF*PO*CONSIGNM~DTM*999*20100904~RMR*OS*66292856**-7.87*-7.87*0*CM*0~REF*PO*CONSIGNM~DTM*999*20100905~RMR*OS*66292862**-19.16*-19.16*0*CM*0~REF*PO*CONSIGNM~DTM*999*20100906~RMR*OS*66304898**-6.11*-6.11*0*CM*0~REF*PO*CONSIGNM~DTM*999*20100904~RMR*OS*66304901**-5.4*-5.4*0*CM*0~REF*PO*CONSIGNM~DTM*999*20100905~RMR*OS*66304905**-5.34*-5.34*0*CM*0~REF*PO*CONSIGNM~DTM*999*20100906~RMR*OS*66371720**-2.75*-2.75*0*CM*0~REF*PO*CONSIGNM~DTM*999*20100904~RMR*OS*66371724**-21.96*-21.96*0*CM*0~REF*PO*CONSIGNM~DTM*999*20100905~RMR*OS*66371730**-11.25*-11.25*0*CM*0~REF*PO*CONSIGNM~DTM*999*20100906~RMR*OS*66389176**-34.72*-34.72*0*CM*0~REF*PO*CONSIGNM~DTM*999*20100904~RMR*OS*66389185**-1.78*-1.78*0*CM*0~REF*PO*CONSIGNM~DTM*999*20100905~RMR*OS*66389186**-3.6*-3.6*0*CM*0~REF*PO*CONSIGNM~DTM*999*20100906~RMR*OS*66405019**-15.99*-15.99*0*CM*0~REF*PO*CONSIGNM~DTM*999*20100904~RMR*OS*66405078**-30.35*-30.35*0*CM*0~REF*PO*CONSIGNM~DTM*999*20100906~RMR*OS*66459945**-16.41*-16.41*0*CM*0~REF*PO*CONSIGNM~DTM*999*20100904~RMR*OS*66459947**-23.77*-23.77*0*CM*0~REF*PO*CONSIGNM~DTM*999*20100905~RMR*OS*66459949**-22.72*-22.72*0*CM*0~REF*PO*CONSIGNM~DTM*999*20100906~RMR*OS*66518348**-9.83*-9.83*0*CM*0~REF*PO*CONSIGNM~DTM*999*20100904~RMR*OS*66518351**-38.63*-38.63*0*CM*0~REF*PO*CONSIGNM~DTM*999*20100905~RMR*OS*66518354**-24.29*-24.29*0*CM*0~REF*PO*CONSIGNM~DTM*999*20100906~RMR*OS*66544193**-7.32*-7.32*0*CM*0~REF*PO*CONSIGNM~DTM*999*20100904~RMR*OS*66544197**-1.9*-1.9*0*CM*0~REF*PO*CONSIGNM~DTM*999*20100905~RMR*OS*66544203**-7.35*-7.35*0*CM*0~REF*PO*CONSIGNM~DTM*999*20100906~RMR*OS*66626649**-44.82*-44.82*0*CM*0~REF*PO*CONSIGNM~DTM*999*20100904~RMR*OS*66626655**-113.53*-113.53*0*CM*0~REF*PO*CONSIGNM~DTM*999*20100905~RMR*OS*66626661**-63.34*-63.34*0*CM*0~REF*PO*CONSIGNM~DTM*999*20100906~RMR*OS*66632336**-3.1*-3.1*0*CM*0~REF*PO*CONSIGNM~DTM*999*20100905~RMR*OS*66737516**-18.85*-18.85*0*CM*0~REF*PO*CONSIGNM~DTM*999*20100906~RMR*OS*66814535**-2.49*-2.49*0*CM*0~REF*PO*CONSIGNM~DTM*999*20100905~RMR*OS*66832580**-8*-8*0*CM*0~REF*PO*CONSIGNM~DTM*999*20100904~RMR*OS*66832583**-4.5*-4.5*0*CM*0~REF*PO*CONSIGNM~DTM*999*20100905~RMR*OS*66895378**-32.25*-32.25*0*CM*0~REF*PO*CONSIGNM~DTM*999*20100906~RMR*OS*68342469**-13.1*-13.1*0*CM*0~REF*PO*CONSIGNM~DTM*999*20100904~RMR*OS*68342471**-29.34*-29.34*0*CM*0~REF*PO*CONSIGNM~DTM*999*20100905~RMR*OS*68745956**-7.65*-7.65*0*CM*0~REF*PO*CONSIGNM~DTM*999*20100904~RMR*OS*68745957**-27*-27*0*CM*0~REF*PO*CONSIGNM~DTM*999*20100905~RMR*OS*68768516**-28.34*-28.34*0*CM*0~REF*PO*CONSIGNM~DTM*999*20100905~RMR*OS*68768518**-2.55*-2.55*0*CM*0~REF*PO*CONSIGNM~DTM*999*20100906~RMR*OS*68838614**-12*-12*0*CM*0~REF*PO*CONSIGNM~DTM*999*20100905~RMR*OS*68841631**-2.17*-2.17*0*CM*0~REF*PO*CONSIGNM~DTM*999*20100904~RMR*OS*68841632**-57.16*-57.16*0*CM*0~REF*PO*CONSIGNM~DTM*999*20100905~RMR*OS*68841633**-39.16*-39.16*0*CM*0~REF*PO*CONSIGNM~DTM*999*20100906~RMR*OS*69605903**-3.6*-3.6*0*CM*0~REF*PO*CONSIGNM~DTM*999*20100905~RMR*OS*69716350**-5.4*-5.4*0*CM*0~REF*PO*CONSIGNM~DTM*999*20100905~RMR*OS*69729715**-33.25*-33.25*0*CM*0~REF*PO*CONSIGNM~DTM*999*20100905~RMR*OS*84636158**-6.16*-6.16*0*CM*0~REF*PO*CONSIGNM~DTM*999*20100904~RMR*OS*85262621**-22.85*-22.85*0*CM*0~REF*PO*CONSIGNM~DTM*999*20100904~RMR*OS*89878269**-107.84*-107.84*0*CM*0~REF*PO*CONSIGNM~DTM*999*20100904~RMR*OS*89878271**-15.5*-15.5*0*CM*0~REF*PO*CONSIGNM~DTM*999*20100905~RMR*OS*89878277**-5.5*-5.5*0*CM*0~REF*PO*CONSIGNM~DTM*999*20100906~RMR*IV*060834718**2.17*2.17*0*PT*0~REF*PO*0008086064~DTM*999*20100825~RMR*IV*060962565**16*16*0*PT*0~REF*PO*0009094329~DTM*999*20100824~RMR*IV*061002320**109.96*109.96*0*PT*0~REF*PO*0010039320~DTM*999*20100824~RMR*IV*061002495**80.74*80.74*0*PT*0~REF*PO*0010039415~DTM*999*20100825~RMR*IV*061191097**4.5*4.5*0*PT*0~REF*PO*0011051916~DTM*999*20100825~RMR*IV*061829975**106.27*106.27*0*PT*0~REF*PO*0018041775~DTM*999*20100824~RMR*IV*061830213**47.75*47.75*0*PT*0~REF*PO*0018041873~DTM*999*20100825~RMR*IV*063852911**89.27*89.27*0*PT*0~REF*PO*0038093844~DTM*999*20100824~RMR*IV*063852981**66.48*66.48*0*PT*0~REF*PO*0038093948~DTM*999*20100825~RMR*IV*064502682**137.97*137.97*0*PT*0~REF*PO*0045013223~DTM*999*20100824~RMR*IV*064502847**319.69*319.69*0*PT*0~REF*PO*0045013305~DTM*999*20100825~RMR*IV*064815234**63.81*63.81*0*PT*0~REF*PO*0048089734~DTM*999*20100824~RMR*IV*064815488**48.38*48.38*0*PT*0~REF*PO*0048089854~DTM*999*20100825~RMR*IV*064945756**313.73*313.73*0*PT*0~REF*PO*0049019117~DTM*999*20100824~RMR*IV*064945896**551.65*551.65*0*PT*0~REF*PO*0049019217~DTM*999*20100825~RMR*IV*066516183**295.17*295.17*0*PT*0~REF*PO*0065035236~DTM*999*20100824~RMR*IV*066516347**139.33*139.33*0*PT*0~REF*PO*0065035329~DTM*999*20100825~RMR*IV*066705054**162.96*162.96*0*PT*0~REF*PO*0067039901~DTM*999*20100824~RMR*IV*066705107**55.59*55.59*0*PT*0~REF*PO*0067039999~DTM*999*20100825~RMR*IV*066870298**119.04*119.04*0*PT*0~REF*PO*0068042898~DTM*999*20100824~RMR*IV*066870360**114.76*114.76*0*PT*0~REF*PO*0068043010~DTM*999*20100825~RMR*IV*068378683**113.68*113.68*0*PT*0~REF*PO*0083041914~DTM*999*20100824~RMR*IV*068378895**118.1*118.1*0*PT*0~REF*PO*0083042001~DTM*999*20100825~RMR*IV*068787869**231.36*231.36*0*PT*0~REF*PO*0087089335~DTM*999*20100824~RMR*IV*068788121**318.22*318.22*0*PT*0~REF*PO*0087089632~DTM*999*20100825~RMR*IV*100554040**31.91*31.91*0*PT*0~REF*PO*0005084868~DTM*999*20100824~RMR*IV*100554205**53.83*53.83*0*PT*0~REF*PO*0005084969~DTM*999*20100825~RMR*IV*101226441**623.21*623.21*0*PT*0~REF*PO*0012022684~DTM*999*20100824~RMR*IV*101226697**711.82*711.82*0*PT*0~REF*PO*0012022781~DTM*999*20100825~RMR*IV*101338064**383.64*383.64*0*PT*0~REF*PO*0013040717~DTM*999*20100824~RMR*IV*101338311**617.45*617.45*0*PT*0~REF*PO*0013040818~DTM*999*20100825~RMR*IV*102814377**444.92*444.92*0*PT*0~REF*PO*0028060555~DTM*999*20100824~RMR*IV*102814624**412.57*412.57*0*PT*0~REF*PO*0028060699~DTM*999*20100825~RMR*IV*103161851**400.33*400.33*0*PT*0~REF*PO*0031045594~DTM*999*20100824~RMR*IV*103161958**194.99*194.99*0*PT*0~REF*PO*0031045744~DTM*999*20100825~RMR*IV*104030978**396.94*396.94*0*PT*0~REF*PO*0040021480~DTM*999*20100824~RMR*IV*104031151**526.16*526.16*0*PT*0~REF*PO*0040021598~DTM*999*20100825~RMR*IV*105295937**412.43*412.43*0*PT*0~REF*PO*0052013034~DTM*999*20100824~RMR*IV*105296088**553.05*553.05*0*PT*0~REF*PO*0052013133~DTM*999*20100825~RMR*IV*105925873**38.09*38.09*0*PT*0~REF*PO*0059096172~DTM*999*20100824~RMR*IV*105926084**17.58*17.58*0*PT*0~REF*PO*0059096240~DTM*999*20100825~RMR*IV*106280253**55.82*55.82*0*PT*0~REF*PO*0062021913~DTM*999*20100824~RMR*IV*106280430**118.96*118.96*0*PT*0~REF*PO*0062022066~DTM*999*20100825~RMR*IV*108387552**199.6*199.6*0*PT*0~REF*PO*0083042102~DTM*999*20100824~RMR*IV*108387703**485.01*485.01*0*PT*0~REF*PO*0083042206~DTM*999*20100825~RMR*IV*108972610**199.21*199.21*0*PT*0~REF*PO*0089080526~DTM*999*20100824~RMR*IV*108972723**138.86*138.86*0*PT*0~REF*PO*0089080602~DTM*999*20100825~RMR*IV*1323PBS**603.09*603.09*0*PT*0~REF*PO*1089PBS~DTM*999*20100331~RMR*IV*184430247**164.92*164.92*0*PT*0~REF*PO*0044084243~DTM*999*20100824~RMR*IV*184430369**180.17*180.17*0*PT*0~REF*PO*0044084390~DTM*999*20100825~RMR*IV*184508514**39.46*39.46*0*PT*0~REF*PO*0045024196~DTM*999*20100824~RMR*IV*184508674**21.71*21.71*0*PT*0~REF*PO*0045024290~DTM*999*20100825~RMR*IV*185798041**121.89*121.89*0*PT*0~REF*PO*0057041916~DTM*999*20100824~RMR*IV*185798182**128*128*0*PT*0~REF*PO*0057042023~DTM*999*20100825~RMR*IV*185882790**11.05*11.05*0*PT*0~REF*PO*0058022382~DTM*999*20100824~RMR*IV*185882897**15.55*15.55*0*PT*0~REF*PO*0058022476~DTM*999*20100825~RMR*IV*661493445**123.05*123.05*0*PT*0~REF*PO*0014062493~DTM*999*20100824~RMR*IV*661493599**163.51*163.51*0*PT*0~REF*PO*0014062683~DTM*999*20100825~RMR*IV*661791469**59.68*59.68*0*PT*0~REF*PO*0017048116~DTM*999*20100824~RMR*IV*661791616**49.7*49.7*0*PT*0~REF*PO*0017048220~DTM*999*20100825~RMR*IV*662351148**673.18*673.18*0*PT*0~REF*PO*0023070571~DTM*999*20100824~RMR*IV*662351286**613.08*613.08*0*PT*0~REF*PO*0023070711~DTM*999*20100825~RMR*IV*662953014**168.91*168.91*0*PT*0~REF*PO*0029038369~DTM*999*20100824~RMR*IV*662953235**134.14*134.14*0*PT*0~REF*PO*0029038471~DTM*999*20100825~RMR*IV*663098774**466.1*466.1*0*PT*0~REF*PO*0030014421~DTM*999*20100824~RMR*IV*663098927**69.32*69.32*0*PT*0~REF*PO*0030014491~DTM*999*20100825~RMR*IV*663723924**139.27*139.27*0*PT*0~REF*PO*0037049090~DTM*999*20100824~RMR*IV*663724146**118.47*118.47*0*PT*0~REF*PO*0037049232~DTM*999*20100825~RMR*IV*663826049**557.83*557.83*0*PT*0~REF*PO*0038075122~DTM*999*20100824~RMR*IV*663826199**744.05*744.05*0*PT*0~REF*PO*0038075221~DTM*999*20100825~RMR*IV*664022403**433.75*433.75*0*PT*0~REF*PO*0040073194~DTM*999*20100824~RMR*IV*664022550**713.99*713.99*0*PT*0~REF*PO*0040073275~DTM*999*20100825~RMR*IV*664549798**112.71*112.71*0*PT*0~REF*PO*0045009801~DTM*999*20100824~RMR*IV*664549999**205.35*205.35*0*PT*0~REF*PO*0045009934~DTM*999*20100825~RMR*IV*665102478**317.78*317.78*0*PT*0~REF*PO*0051038449~DTM*999*20100824~RMR*IV*665102596**198.43*198.43*0*PT*0~REF*PO*0051038551~DTM*999*20100825~RMR*IV*665472931**15.75*15.75*0*PT*0~REF*PO*0054010091~DTM*999*20100824~RMR*IV*665473096**67.08*67.08*0*PT*0~REF*PO*0054010215~DTM*999*20100825~RMR*IV*666184489**4.65*4.65*0*PT*0~REF*PO*0061035857~DTM*999*20100825~RMR*IV*666285353**1050.4*1050.4*0*PT*0~REF*PO*0062098171~DTM*999*20100824~RMR*IV*666285548**1004.53*1004.53*0*PT*0~REF*PO*0062098365~DTM*999*20100825~RMR*IV*666359255**12.66*12.66*0*PT*0~REF*PO*0063001757~DTM*999*20100825~RMR*IV*667000487**13.1*13.1*0*PT*0~REF*PO*0070042155~DTM*999*20100825~RMR*IV*667325311**80.62*80.62*0*PT*0~REF*PO*0073053767~DTM*999*20100824~RMR*IV*667325479**50.43*50.43*0*PT*0~REF*PO*0073053890~DTM*999*20100825~RMR*IV*668155813**588.11*588.11*0*PT*0~REF*PO*0081042377~DTM*999*20100824~RMR*IV*668155894**317.68*317.68*0*PT*0~REF*PO*0081042488~DTM*999*20100825~RMR*IV*668353387**181.9*181.9*0*PT*0~REF*PO*0083008745~DTM*999*20100824~RMR*IV*668353605**116.13*116.13*0*PT*0~REF*PO*0083008832~DTM*999*20100825~RMR*IV*683406229**71.48*71.48*0*PT*0~REF*PO*0034044320~DTM*999*20100824~RMR*IV*683406492**63.7*63.7*0*PT*0~REF*PO*0034044399~DTM*999*20100825~RMR*IV*687470953**87.06*87.06*0*PT*0~REF*PO*0074099987~DTM*999*20100824~RMR*IV*687471129**54.14*54.14*0*PT*0~REF*PO*0074000069~DTM*999*20100825~RMR*IV*687689466**201.29*201.29*0*PT*0~REF*PO*0076020135~DTM*999*20100824~RMR*IV*687689508**143.77*143.77*0*PT*0~REF*PO*0076020266~DTM*999*20100825~RMR*IV*688354092**69.39*69.39*0*PT*0~REF*PO*0083091298~DTM*999*20100824~RMR*IV*688354169**131.24*131.24*0*PT*0~REF*PO*0083091413~DTM*999*20100825~RMR*IV*688463492**176.56*176.56*0*PT*0~REF*PO*0084080700~DTM*999*20100824~RMR*IV*688463632**185.45*185.45*0*PT*0~REF*PO*0084080938~DTM*999*20100825~RMR*IV*696032787**92.46*92.46*0*PT*0~REF*PO*0060060944~DTM*999*20100824~RMR*IV*696032983**186.1*186.1*0*PT*0~REF*PO*0060061025~DTM*999*20100825~RMR*IV*697100728**141.09*141.09*0*PT*0~REF*PO*0071022463~DTM*999*20100824~RMR*IV*697100886**129.67*129.67*0*PT*0~REF*PO*0071022555~DTM*999*20100825~RMR*IV*697274110**60.16*60.16*0*PT*0~REF*PO*0072053667~DTM*999*20100824~RMR*IV*846376859**7.87*7.87*0*PT*0~REF*PO*0063004110~DTM*999*20100824~RMR*IV*846377003**68.76*68.76*0*PT*0~REF*PO*0063004218~DTM*999*20100825~RMR*IV*852623859**92.78*92.78*0*PT*0~REF*PO*0026032986~DTM*999*20100824~RMR*IV*852624052**107.76*107.76*0*PT*0~REF*PO*0026033076~DTM*999*20100825~RMR*IV*898721774**115.21*115.21*0*PT*0~REF*PO*0087091374~DTM*999*20100824~RMR*IV*898722002**342.48*342.48*0*PT*0~REF*PO*0087091556~DTM*999*20100825~SE*701*2721~GE*1*2721~IEA*1*000002731~