ISA*00*          *00*          *14*072271711USAP  *01*148468275      *100910*0710*^*00406*000002732*1*P*>~GS*RA*072271711USAP*148468275*20100910*0710*2722*X*004060~ST*820*2722~BPR*I*22556.09*C*CHK*PBC~TRN*1*2005939149~CUR*BY*USD~REF*ZZ*0001899305~DTM*020*20100910~N1*PE*COLORAMA WHOLESALE NURSERY~REF*VR*187714~N1*PR*HOME DEPOT U.S.A., INC.~ENT*1~RMR*OS*06108766**-7.65*-7.65*0*CM*0~REF*PO*CONSIGNM~DTM*999*20100907~RMR*OS*06111942**-10.75*-10.75*0*CM*0~REF*PO*CONSIGNM~DTM*999*20100908~RMR*OS*06181003**-2.55*-2.55*0*CM*0~REF*PO*CONSIGNM~DTM*999*20100907~RMR*OS*06387017**-19.12*-19.12*0*CM*0~REF*PO*CONSIGNM~DTM*999*20100907~RMR*OS*06387049**-39.82*-39.82*0*CM*0~REF*PO*CONSIGNM~DTM*999*20100908~RMR*OS*06451856**-48*-48*0*CM*0~REF*PO*CONSIGNM~DTM*999*20100907~RMR*OS*06451888**-10.8*-10.8*0*CM*0~REF*PO*CONSIGNM~DTM*999*20100908~RMR*OS*06489892**-2.75*-2.75*0*CM*0~REF*PO*CONSIGNM~DTM*999*20100907~RMR*OS*06492260**-71.35*-71.35*0*CM*0~REF*PO*CONSIGNM~DTM*999*20100907~RMR*OS*06492300**-10.68*-10.68*0*CM*0~REF*PO*CONSIGNM~DTM*999*20100908~RMR*OS*06654423**-31.31*-31.31*0*CM*0~REF*PO*CONSIGNM~DTM*999*20100907~RMR*OS*06654517**-7.16*-7.16*0*CM*0~REF*PO*CONSIGNM~DTM*999*20100908~RMR*OS*06673081**-9*-9*0*CM*0~REF*PO*CONSIGNM~DTM*999*20100908~RMR*OS*06689571**-2.49*-2.49*0*CM*0~REF*PO*CONSIGNM~DTM*999*20100907~RMR*OS*06689599**-25.53*-25.53*0*CM*0~REF*PO*CONSIGNM~DTM*999*20100908~RMR*OS*06833575**-35.65*-35.65*0*CM*0~REF*PO*CONSIGNM~DTM*999*20100907~RMR*OS*06875180**-25.6*-25.6*0*CM*0~REF*PO*CONSIGNM~DTM*999*20100907~RMR*OS*10126084**-59.51*-59.51*0*CM*0~REF*PO*CONSIGNM~DTM*999*20100907~RMR*OS*10126142**-4.7*-4.7*0*CM*0~REF*PO*CONSIGNM~DTM*999*20100908~RMR*OS*10134378**-13.77*-13.77*0*CM*0~REF*PO*CONSIGNM~DTM*999*20100907~RMR*OS*10134449**-15*-15*0*CM*0~REF*PO*CONSIGNM~DTM*999*20100908~RMR*OS*10283965**-52.13*-52.13*0*CM*0~REF*PO*CONSIGNM~DTM*999*20100907~RMR*OS*10284005**-11.8*-11.8*0*CM*0~REF*PO*CONSIGNM~DTM*999*20100908~RMR*OS*10318925**-1.78*-1.78*0*CM*0~REF*PO*CONSIGNM~DTM*999*20100907~RMR*OS*10318942**-7.12*-7.12*0*CM*0~REF*PO*CONSIGNM~DTM*999*20100908~RMR*OS*10370619**-24*-24*0*CM*0~REF*PO*CONSIGNM~DTM*999*20100907~RMR*OS*10402495**-100.74*-100.74*0*CM*0~REF*PO*CONSIGNM~DTM*999*20100907~RMR*OS*10402527**-3.56*-3.56*0*CM*0~REF*PO*CONSIGNM~DTM*999*20100908~RMR*OS*10521950**-24.45*-24.45*0*CM*0~REF*PO*CONSIGNM~DTM*999*20100907~RMR*OS*10521970**-7.12*-7.12*0*CM*0~REF*PO*CONSIGNM~DTM*999*20100908~RMR*OS*10555545**-11*-11*0*CM*0~REF*PO*CONSIGNM~DTM*999*20100907~RMR*OS*10590333**-8.73*-8.73*0*CM*0~REF*PO*CONSIGNM~DTM*999*20100907~RMR*OS*10622075**-5.5*-5.5*0*CM*0~REF*PO*CONSIGNM~DTM*999*20100907~RMR*OS*10834646**-6.75*-6.75*0*CM*0~REF*PO*CONSIGNM~DTM*999*20100907~RMR*OS*10834674**-67.31*-67.31*0*CM*0~REF*PO*CONSIGNM~DTM*999*20100908~RMR*OS*10849358**-10.24*-10.24*0*CM*0~REF*PO*CONSIGNM~DTM*999*20100907~RMR*OS*10849402**-8*-8*0*CM*0~REF*PO*CONSIGNM~DTM*999*20100908~RMR*OS*10899533**-2.86*-2.86*0*CM*0~REF*PO*CONSIGNM~DTM*999*20100907~RMR*OS*18445639**-21.28*-21.28*0*CM*0~REF*PO*CONSIGNM~DTM*999*20100908~RMR*OS*18458721**-14.4*-14.4*0*CM*0~REF*PO*CONSIGNM~DTM*999*20100907~RMR*OS*18587382**-6.55*-6.55*0*CM*0~REF*PO*CONSIGNM~DTM*999*20100908~RMR*OS*66102522**-2.75*-2.75*0*CM*0~REF*PO*CONSIGNM~DTM*999*20100907~RMR*OS*66118592**-13.75*-13.75*0*CM*0~REF*PO*CONSIGNM~DTM*999*20100908~RMR*OS*66142225**-4.5*-4.5*0*CM*0~REF*PO*CONSIGNM~DTM*999*20100907~RMR*OS*66142266**-5.5*-5.5*0*CM*0~REF*PO*CONSIGNM~DTM*999*20100908~RMR*OS*66179728**-12.78*-12.78*0*CM*0~REF*PO*CONSIGNM~DTM*999*20100907~RMR*OS*66179770**-16.16*-16.16*0*CM*0~REF*PO*CONSIGNM~DTM*999*20100908~RMR*OS*66232829**-33*-33*0*CM*0~REF*PO*CONSIGNM~DTM*999*20100907~RMR*OS*66292964**-2.55*-2.55*0*CM*0~REF*PO*CONSIGNM~DTM*999*20100907~RMR*OS*66293046**-22*-22*0*CM*0~REF*PO*CONSIGNM~DTM*999*20100908~RMR*OS*66304969**-2.55*-2.55*0*CM*0~REF*PO*CONSIGNM~DTM*999*20100907~RMR*OS*66305000**-23.24*-23.24*0*CM*0~REF*PO*CONSIGNM~DTM*999*20100908~RMR*OS*66371803**-26.25*-26.25*0*CM*0~REF*PO*CONSIGNM~DTM*999*20100907~RMR*OS*66371880**-4.16*-4.16*0*CM*0~REF*PO*CONSIGNM~DTM*999*20100908~RMR*OS*66405118**-41.2*-41.2*0*CM*0~REF*PO*CONSIGNM~DTM*999*20100907~RMR*OS*66405158**-63.05*-63.05*0*CM*0~REF*PO*CONSIGNM~DTM*999*20100908~RMR*OS*66450016**-29.25*-29.25*0*CM*0~REF*PO*CONSIGNM~DTM*999*20100907~RMR*OS*66518417**-29.83*-29.83*0*CM*0~REF*PO*CONSIGNM~DTM*999*20100907~RMR*OS*66518438**-25.32*-25.32*0*CM*0~REF*PO*CONSIGNM~DTM*999*20100908~RMR*OS*66544366**-8.2*-8.2*0*CM*0~REF*PO*CONSIGNM~DTM*999*20100908~RMR*OS*66626770**-9.1*-9.1*0*CM*0~REF*PO*CONSIGNM~DTM*999*20100907~RMR*OS*66626811**-50.54*-50.54*0*CM*0~REF*PO*CONSIGNM~DTM*999*20100908~RMR*OS*66632407**-3.1*-3.1*0*CM*0~REF*PO*CONSIGNM~DTM*999*20100907~RMR*OS*66737587**-2.56*-2.56*0*CM*0~REF*PO*CONSIGNM~DTM*999*20100907~RMR*OS*66737628**-2.56*-2.56*0*CM*0~REF*PO*CONSIGNM~DTM*999*20100908~RMR*OS*66814561**-5.34*-5.34*0*CM*0~REF*PO*CONSIGNM~DTM*999*20100907~RMR*OS*66832657**-23.19*-23.19*0*CM*0~REF*PO*CONSIGNM~DTM*999*20100907~RMR*OS*66832691**-22.95*-22.95*0*CM*0~REF*PO*CONSIGNM~DTM*999*20100908~RMR*OS*66895459**-2.55*-2.55*0*CM*0~REF*PO*CONSIGNM~DTM*999*20100908~RMR*OS*68342480**-9.06*-9.06*0*CM*0~REF*PO*CONSIGNM~DTM*999*20100907~RMR*OS*68745992**-40.5*-40.5*0*CM*0~REF*PO*CONSIGNM~DTM*999*20100908~RMR*OS*68768571**-23.13*-23.13*0*CM*0~REF*PO*CONSIGNM~DTM*999*20100907~RMR*OS*68838643**-1.78*-1.78*0*CM*0~REF*PO*CONSIGNM~DTM*999*20100908~RMR*OS*68841671**-40.5*-40.5*0*CM*0~REF*PO*CONSIGNM~DTM*999*20100907~RMR*OS*68841706**-6.37*-6.37*0*CM*0~REF*PO*CONSIGNM~DTM*999*20100908~RMR*OS*69605946**-2.58*-2.58*0*CM*0~REF*PO*CONSIGNM~DTM*999*20100907~RMR*OS*69605971**-20*-20*0*CM*0~REF*PO*CONSIGNM~DTM*999*20100908~RMR*OS*69716384**-22.24*-22.24*0*CM*0~REF*PO*CONSIGNM~DTM*999*20100907~RMR*OS*69729736**-11.82*-11.82*0*CM*0~REF*PO*CONSIGNM~DTM*999*20100908~RMR*OS*85262628**-8.58*-8.58*0*CM*0~REF*PO*CONSIGNM~DTM*999*20100907~RMR*OS*89878352**-0.85*-0.85*0*CM*0~REF*PO*CONSIGNM~DTM*999*20100908~RMR*OS*89884227**-6.55*-6.55*0*CM*0~REF*PO*CONSIGNM~DTM*999*20100908~RMR*IV*060834830**2.5*2.5*0*PT*0~REF*PO*0008086181~DTM*999*20100826~RMR*IV*061002671**90.67*90.67*0*PT*0~REF*PO*0010039500~DTM*999*20100826~RMR*IV*061002887**291.05*291.05*0*PT*0~REF*PO*0010039510~DTM*999*20100827~RMR*IV*061830391**63.54*63.54*0*PT*0~REF*PO*0018041987~DTM*999*20100826~RMR*IV*061830565**107.6*107.6*0*PT*0~REF*PO*0018042018~DTM*999*20100827~RMR*IV*063853098**150.12*150.12*0*PT*0~REF*PO*0038094035~DTM*999*20100826~RMR*IV*063853154**65.64*65.64*0*PT*0~REF*PO*0038094053~DTM*999*20100827~RMR*IV*064503068**178.93*178.93*0*PT*0~REF*PO*0045013387~DTM*999*20100826~RMR*IV*064503259**199.89*199.89*0*PT*0~REF*PO*0045013408~DTM*999*20100827~RMR*IV*064815637**124.15*124.15*0*PT*0~REF*PO*0048089994~DTM*999*20100826~RMR*IV*064815764**42.4*42.4*0*PT*0~REF*PO*0048090036~DTM*999*20100827~RMR*IV*064946058**526.08*526.08*0*PT*0~REF*PO*0049019319~DTM*999*20100826~RMR*IV*064946180**797.96*797.96*0*PT*0~REF*PO*0049019342~DTM*999*20100827~RMR*IV*066516527**175.54*175.54*0*PT*0~REF*PO*0065035419~DTM*999*20100826~RMR*IV*066516620**117.67*117.67*0*PT*0~REF*PO*0065035438~DTM*999*20100827~RMR*IV*066705433**76.61*76.61*0*PT*0~REF*PO*0067040088~DTM*999*20100826~RMR*IV*066705659**118.77*118.77*0*PT*0~REF*PO*0067040097~DTM*999*20100827~RMR*IV*066870817**188.19*188.19*0*PT*0~REF*PO*0068043116~DTM*999*20100826~RMR*IV*066871067**353.72*353.72*0*PT*0~REF*PO*0068043136~DTM*999*20100827~RMR*IV*068379087**133.65*133.65*0*PT*0~REF*PO*0083042096~DTM*999*20100826~RMR*IV*068379218**224.74*224.74*0*PT*0~REF*PO*0083042115~DTM*999*20100827~RMR*IV*068788350**108.32*108.32*0*PT*0~REF*PO*0087089767~DTM*999*20100826~RMR*IV*068788393**425.18*425.18*0*PT*0~REF*PO*0087089802~DTM*999*20100827~RMR*IV*100554359**28.65*28.65*0*PT*0~REF*PO*0005085058~DTM*999*20100826~RMR*IV*100554474**60.81*60.81*0*PT*0~REF*PO*0005085084~DTM*999*20100827~RMR*IV*101226845**853.56*853.56*0*PT*0~REF*PO*0012022898~DTM*999*20100826~RMR*IV*101226984**812.97*812.97*0*PT*0~REF*PO*0012022933~DTM*999*20100827~RMR*IV*101338551**633.86*633.86*0*PT*0~REF*PO*0013040921~DTM*999*20100826~RMR*IV*101338848**723.24*723.24*0*PT*0~REF*PO*0013040942~DTM*999*20100827~RMR*IV*102814955**507.84*507.84*0*PT*0~REF*PO*0028060784~DTM*999*20100826~RMR*IV*102815259**732.71*732.71*0*PT*0~REF*PO*0028060821~DTM*999*20100827~RMR*IV*103162110**364.58*364.58*0*PT*0~REF*PO*0031045898~DTM*999*20100826~RMR*IV*103162206**414.71*414.71*0*PT*0~REF*PO*0031045965~DTM*999*20100827~RMR*IV*104031330**577.28*577.28*0*PT*0~REF*PO*0040021718~DTM*999*20100826~RMR*IV*104031482**716.43*716.43*0*PT*0~REF*PO*0040021746~DTM*999*20100827~RMR*IV*105296275**528.31*528.31*0*PT*0~REF*PO*0052013240~DTM*999*20100826~RMR*IV*105296392**628.36*628.36*0*PT*0~REF*PO*0052013275~DTM*999*20100827~RMR*IV*105926239**23.24*23.24*0*PT*0~REF*PO*0059096317~DTM*999*20100826~RMR*IV*105926465**39.76*39.76*0*PT*0~REF*PO*0059096331~DTM*999*20100827~RMR*IV*106280579**209.55*209.55*0*PT*0~REF*PO*0062022207~DTM*999*20100826~RMR*IV*106280689**158.43*158.43*0*PT*0~REF*PO*0062022256~DTM*999*20100827~RMR*IV*108387953**637.68*637.68*0*PT*0~REF*PO*0083042304~DTM*999*20100826~RMR*IV*108388153**991.99*991.99*0*PT*0~REF*PO*0083042327~DTM*999*20100827~RMR*IV*108714955**1.25*1.25*0*PT*0~REF*PO*0087013335~DTM*999*20100827~RMR*IV*108972763**123.09*123.09*0*PT*0~REF*PO*0089080686~DTM*999*20100826~RMR*IV*108972836**131.01*131.01*0*PT*0~REF*PO*0089080704~DTM*999*20100827~RMR*IV*184430479**152.04*152.04*0*PT*0~REF*PO*0044084550~DTM*999*20100826~RMR*IV*184430717**189.28*189.28*0*PT*0~REF*PO*0044084569~DTM*999*20100827~RMR*IV*184508832**27.27*27.27*0*PT*0~REF*PO*0045024408~DTM*999*20100826~RMR*IV*184508929**47.56*47.56*0*PT*0~REF*PO*0045024446~DTM*999*20100827~RMR*IV*185798367**188.46*188.46*0*PT*0~REF*PO*0057042109~DTM*999*20100826~RMR*IV*185798591**236.05*236.05*0*PT*0~REF*PO*0057042126~DTM*999*20100827~RMR*IV*185883122**2.25*2.25*0*PT*0~REF*PO*0058022611~DTM*999*20100827~RMR*IV*501832**1019.7*1019.7*0*PT*0~REF*PO*0067038545~DTM*999*20100811~RMR*IV*501839**212*212*0*PT*0~REF*PO*0087089483~DTM*999*20100811~RMR*IV*501918**132.5*132.5*0*PT*0~REF*PO*0037047474~DTM*999*20100812~RMR*IV*661493852**320.83*320.83*0*PT*0~REF*PO*0014062870~DTM*999*20100826~RMR*IV*661493967**232.26*232.26*0*PT*0~REF*PO*0014062933~DTM*999*20100827~RMR*IV*661672606**2.17*2.17*0*PT*0~REF*PO*0016084086~DTM*999*20100826~RMR*IV*661791821**59.54*59.54*0*PT*0~REF*PO*0017048329~DTM*999*20100826~RMR*IV*661791927**21.95*21.95*0*PT*0~REF*PO*0017048350~DTM*999*20100827~RMR*IV*662351455**787.24*787.24*0*PT*0~REF*PO*0023070858~DTM*999*20100826~RMR*IV*662351605**715.04*715.04*0*PT*0~REF*PO*0023070904~DTM*999*20100827~RMR*IV*662953440**166.7*166.7*0*PT*0~REF*PO*0029038592~DTM*999*20100826~RMR*IV*662953698**540.57*540.57*0*PT*0~REF*PO*0029038628~DTM*999*20100827~RMR*IV*663098979**159.41*159.41*0*PT*0~REF*PO*0030014582~DTM*999*20100826~RMR*IV*663099297**239.34*239.34*0*PT*0~REF*PO*0030014596~DTM*999*20100827~RMR*IV*663724472**102.17*102.17*0*PT*0~REF*PO*0037049368~DTM*999*20100826~RMR*IV*663724672**213.47*213.47*0*PT*0~REF*PO*0037049419~DTM*999*20100827~RMR*IV*663826354**787.01*787.01*0*PT*0~REF*PO*0038075341~DTM*999*20100826~RMR*IV*663826509**980.63*980.63*0*PT*0~REF*PO*0038075359~DTM*999*20100827~RMR*IV*664022691**650.66*650.66*0*PT*0~REF*PO*0040073360~DTM*999*20100826~RMR*IV*664022952**656.91*656.91*0*PT*0~REF*PO*0040073389~DTM*999*20100827~RMR*IV*664418208**2.17*2.17*0*PT*0~REF*PO*0044099196~DTM*999*20100827~RMR*IV*664550232**217.86*217.86*0*PT*0~REF*PO*0045010036~DTM*999*20100826~RMR*IV*664550413**344.69*344.69*0*PT*0~REF*PO*0045010064~DTM*999*20100827~RMR*IV*665102727**204.06*204.06*0*PT*0~REF*PO*0051038689~DTM*999*20100826~RMR*IV*665102827**506.96*506.96*0*PT*0~REF*PO*0051038706~DTM*999*20100827~RMR*IV*665473232**60.35*60.35*0*PT*0~REF*PO*0054010336~DTM*999*20100826~RMR*IV*665473416**98.49*98.49*0*PT*0~REF*PO*0054010393~DTM*999*20100827~RMR*IV*666285724**1036.94*1036.94*0*PT*0~REF*PO*0062098614~DTM*999*20100826~RMR*IV*666285873**1539.26*1539.26*0*PT*0~REF*PO*0062098658~DTM*999*20100827~RMR*IV*666359360**29.26*29.26*0*PT*0~REF*PO*0063001869~DTM*999*20100826~RMR*IV*666359470**16.9*16.9*0*PT*0~REF*PO*0063001895~DTM*999*20100827~RMR*IV*667000655**36.5*36.5*0*PT*0~REF*PO*0070042244~DTM*999*20100826~RMR*IV*667000760**2.25*2.25*0*PT*0~REF*PO*0070042266~DTM*999*20100827~RMR*IV*667325629**23.86*23.86*0*PT*0~REF*PO*0073053990~DTM*999*20100826~RMR*IV*667325776**34.74*34.74*0*PT*0~REF*PO*0073054013~DTM*999*20100827~RMR*IV*668156014**306.18*306.18*0*PT*0~REF*PO*0081042584~DTM*999*20100826~RMR*IV*668156090**307.83*307.83*0*PT*0~REF*PO*0081042609~DTM*999*20100827~RMR*IV*668353821**98.86*98.86*0*PT*0~REF*PO*0083008924~DTM*999*20100826~RMR*IV*668353860**119.99*119.99*0*PT*0~REF*PO*0083008936~DTM*999*20100827~RMR*IV*683406649**50.91*50.91*0*PT*0~REF*PO*0034044476~DTM*999*20100826~RMR*IV*683406888**733.82*733.82*0*PT*0~REF*PO*0034044491~DTM*999*20100827~RMR*IV*687471266**19.99*19.99*0*PT*0~REF*PO*0074000143~DTM*999*20100826~RMR*IV*687471439**82.34*82.34*0*PT*0~REF*PO*0074000159~DTM*999*20100827~RMR*IV*687689749**209.73*209.73*0*PT*0~REF*PO*0076020367~DTM*999*20100826~RMR*IV*687689990**385.82*385.82*0*PT*0~REF*PO*0076020381~DTM*999*20100827~RMR*IV*688354226**65.85*65.85*0*PT*0~REF*PO*0083091530~DTM*999*20100826~RMR*IV*688354294**69.34*69.34*0*PT*0~REF*PO*0083091544~DTM*999*20100827~RMR*IV*688463834**246.81*246.81*0*PT*0~REF*PO*0084081116~DTM*999*20100826~RMR*IV*688464068**561.87*561.87*0*PT*0~REF*PO*0084081159~DTM*999*20100827~RMR*IV*696033127**183.17*183.17*0*PT*0~REF*PO*0060061105~DTM*999*20100826~RMR*IV*696033341**216.22*216.22*0*PT*0~REF*PO*0060061122~DTM*999*20100827~RMR*IV*697101039**15.05*15.05*0*PT*0~REF*PO*0071022638~DTM*999*20100826~RMR*IV*697101257**67.22*67.22*0*PT*0~REF*PO*0071022654~DTM*999*20100827~RMR*IV*697274245**63.05*63.05*0*PT*0~REF*PO*0072053986~DTM*999*20100826~RMR*IV*697274308**60.11*60.11*0*PT*0~REF*PO*0072054022~DTM*999*20100827~RMR*IV*846377096**150.87*150.87*0*PT*0~REF*PO*0063004323~DTM*999*20100826~RMR*IV*846377208**54.27*54.27*0*PT*0~REF*PO*0063004367~DTM*999*20100827~RMR*IV*852624211**79.37*79.37*0*PT*0~REF*PO*0026033148~DTM*999*20100826~RMR*IV*852624526**83.19*83.19*0*PT*0~REF*PO*0026033158~DTM*999*20100827~RMR*IV*898722192**195.53*195.53*0*PT*0~REF*PO*0087091642~DTM*999*20100826~RMR*IV*898722414**329.57*329.57*0*PT*0~REF*PO*0087091660~DTM*999*20100827~RMR*CM*DMR41094**-8130*-8130*0*CM*0~REF*PO*DMR41094~DTM*999*20100908~SE*602*2722~GE*1*2722~IEA*1*000002732~