ISA*00*          *00*          *14*072271711USAP  *01*148468275      *100903*0724*^*00406*000002729*1*P*>~GS*RA*072271711USAP*148468275*20100903*0724*2719*X*004060~ST*820*2719~BPR*I*37765.35*C*CHK*PBC~TRN*1*2005757381~CUR*BY*USD~REF*ZZ*0001889365~DTM*020*20100903~N1*PE*COLORAMA WHOLESALE NURSERY~REF*VR*187714~N1*PR*HOME DEPOT U.S.A., INC.~ENT*1~RMR*OS*06386894**-42.12*-42.12*0*CM*0~REF*PO*CONSIGNM~DTM*999*20100831~RMR*OS*06451727**-32.13*-32.13*0*CM*0~REF*PO*CONSIGNM~DTM*999*20100831~RMR*OS*06489759**-9.12*-9.12*0*CM*0~REF*PO*CONSIGNM~DTM*999*20100831~RMR*OS*06489778**-12.4*-12.4*0*CM*0~REF*PO*CONSIGNM~DTM*999*20100901~RMR*OS*06491954**-16.6*-16.6*0*CM*0~REF*PO*CONSIGNM~DTM*999*20100831~RMR*OS*06492041**-11.21*-11.21*0*CM*0~REF*PO*CONSIGNM~DTM*999*20100901~RMR*OS*06539332**-2.25*-2.25*0*CM*0~REF*PO*CONSIGNM~DTM*999*20100901~RMR*OS*06654312**-3.56*-3.56*0*CM*0~REF*PO*CONSIGNM~DTM*999*20100831~RMR*OS*06654326**-1.78*-1.78*0*CM*0~REF*PO*CONSIGNM~DTM*999*20100901~RMR*OS*06672961**-32.4*-32.4*0*CM*0~REF*PO*CONSIGNM~DTM*999*20100901~RMR*OS*06689348**-43.52*-43.52*0*CM*0~REF*PO*CONSIGNM~DTM*999*20100831~RMR*OS*06689382**-15.56*-15.56*0*CM*0~REF*PO*CONSIGNM~DTM*999*20100901~RMR*OS*06827019**-13.5*-13.5*0*CM*0~REF*PO*CONSIGNM~DTM*999*20100901~RMR*OS*06833367**-5.38*-5.38*0*CM*0~REF*PO*CONSIGNM~DTM*999*20100831~RMR*OS*06833404**-5.34*-5.34*0*CM*0~REF*PO*CONSIGNM~DTM*999*20100901~RMR*OS*06874981**-6.51*-6.51*0*CM*0~REF*PO*CONSIGNM~DTM*999*20100831~RMR*OS*06898594**-2.55*-2.55*0*CM*0~REF*PO*CONSIGNM~DTM*999*20100901~RMR*OS*10125875**-10.85*-10.85*0*CM*0~REF*PO*CONSIGNM~DTM*999*20100831~RMR*OS*10125907**-17.61*-17.61*0*CM*0~REF*PO*CONSIGNM~DTM*999*20100901~RMR*OS*10134151**-15.18*-15.18*0*CM*0~REF*PO*CONSIGNM~DTM*999*20100831~RMR*OS*10134211**-7.35*-7.35*0*CM*0~REF*PO*CONSIGNM~DTM*999*20100901~RMR*OS*10283717**-44.84*-44.84*0*CM*0~REF*PO*CONSIGNM~DTM*999*20100831~RMR*OS*10283760**-60.24*-60.24*0*CM*0~REF*PO*CONSIGNM~DTM*999*20100901~RMR*OS*10318838**-7.89*-7.89*0*CM*0~REF*PO*CONSIGNM~DTM*999*20100901~RMR*OS*10402214**-14*-14*0*CM*0~REF*PO*CONSIGNM~DTM*999*20100831~RMR*OS*10402261**-38.88*-38.88*0*CM*0~REF*PO*CONSIGNM~DTM*999*20100901~RMR*OS*10521816**-17.67*-17.67*0*CM*0~REF*PO*CONSIGNM~DTM*999*20100831~RMR*OS*10590247**-13.5*-13.5*0*CM*0~REF*PO*CONSIGNM~DTM*999*20100831~RMR*OS*10590286**-10.85*-10.85*0*CM*0~REF*PO*CONSIGNM~DTM*999*20100901~RMR*OS*10621841**-5.5*-5.5*0*CM*0~REF*PO*CONSIGNM~DTM*999*20100831~RMR*OS*10834516**-96.75*-96.75*0*CM*0~REF*PO*CONSIGNM~DTM*999*20100831~RMR*OS*10849153**-12.78*-12.78*0*CM*0~REF*PO*CONSIGNM~DTM*999*20100831~RMR*OS*10899494**-5*-5*0*CM*0~REF*PO*CONSIGNM~DTM*999*20100901~RMR*OS*18445494**-27.37*-27.37*0*CM*0~REF*PO*CONSIGNM~DTM*999*20100831~RMR*OS*18445520**-7.8*-7.8*0*CM*0~REF*PO*CONSIGNM~DTM*999*20100901~RMR*OS*18458513**-5.12*-5.12*0*CM*0~REF*PO*CONSIGNM~DTM*999*20100831~RMR*OS*18458552**-2.2*-2.2*0*CM*0~REF*PO*CONSIGNM~DTM*999*20100901~RMR*OS*18579960**-11.61*-11.61*0*CM*0~REF*PO*CONSIGNM~DTM*999*20100831~RMR*OS*18579991**-7.03*-7.03*0*CM*0~REF*PO*CONSIGNM~DTM*999*20100901~RMR*OS*66141964**-8.7*-8.7*0*CM*0~REF*PO*CONSIGNM~DTM*999*20100831~RMR*OS*66142023**-2.56*-2.56*0*CM*0~REF*PO*CONSIGNM~DTM*999*20100901~RMR*OS*66179436**-39.16*-39.16*0*CM*0~REF*PO*CONSIGNM~DTM*999*20100831~RMR*OS*66179512**-25.05*-25.05*0*CM*0~REF*PO*CONSIGNM~DTM*999*20100901~RMR*OS*66232567**-18.89*-18.89*0*CM*0~REF*PO*CONSIGNM~DTM*999*20100831~RMR*OS*66292667**-18.11*-18.11*0*CM*0~REF*PO*CONSIGNM~DTM*999*20100831~RMR*OS*66348030**-2.17*-2.17*0*CM*0~REF*PO*CONSIGNM~DTM*999*20100901~RMR*OS*66371576**-16.02*-16.02*0*CM*0~REF*PO*CONSIGNM~DTM*999*20100831~RMR*OS*66371603**-12.75*-12.75*0*CM*0~REF*PO*CONSIGNM~DTM*999*20100901~RMR*OS*66389065**-15.93*-15.93*0*CM*0~REF*PO*CONSIGNM~DTM*999*20100831~RMR*OS*66389089**-1.9*-1.9*0*CM*0~REF*PO*CONSIGNM~DTM*999*20100901~RMR*OS*66404870**-56.76*-56.76*0*CM*0~REF*PO*CONSIGNM~DTM*999*20100831~RMR*OS*66404905**-15.72*-15.72*0*CM*0~REF*PO*CONSIGNM~DTM*999*20100901~RMR*OS*66459760**-6.11*-6.11*0*CM*0~REF*PO*CONSIGNM~DTM*999*20100831~RMR*OS*66518209**-11.15*-11.15*0*CM*0~REF*PO*CONSIGNM~DTM*999*20100831~RMR*OS*66518239**-9.87*-9.87*0*CM*0~REF*PO*CONSIGNM~DTM*999*20100901~RMR*OS*66544036**-8.45*-8.45*0*CM*0~REF*PO*CONSIGNM~DTM*999*20100831~RMR*OS*66619183**-7.65*-7.65*0*CM*0~REF*PO*CONSIGNM~DTM*999*20100901~RMR*OS*66626448**-36.84*-36.84*0*CM*0~REF*PO*CONSIGNM~DTM*999*20100831~RMR*OS*66626504**-37.75*-37.75*0*CM*0~REF*PO*CONSIGNM~DTM*999*20100901~RMR*OS*66737393**-22.25*-22.25*0*CM*0~REF*PO*CONSIGNM~DTM*999*20100901~RMR*OS*66814489**-3.56*-3.56*0*CM*0~REF*PO*CONSIGNM~DTM*999*20100831~RMR*OS*66814497**-41.71*-41.71*0*CM*0~REF*PO*CONSIGNM~DTM*999*20100901~RMR*OS*66832467**-4.34*-4.34*0*CM*0~REF*PO*CONSIGNM~DTM*999*20100831~RMR*OS*66843919**-12.6*-12.6*0*CM*0~REF*PO*CONSIGNM~DTM*999*20100901~RMR*OS*68342379**-21.22*-21.22*0*CM*0~REF*PO*CONSIGNM~DTM*999*20100901~RMR*OS*68745913**-9.78*-9.78*0*CM*0~REF*PO*CONSIGNM~DTM*999*20100831~RMR*OS*68745921**-1.78*-1.78*0*CM*0~REF*PO*CONSIGNM~DTM*999*20100901~RMR*OS*68755137**-4.34*-4.34*0*CM*0~REF*PO*CONSIGNM~DTM*999*20100831~RMR*OS*68768433**-13.87*-13.87*0*CM*0~REF*PO*CONSIGNM~DTM*999*20100831~RMR*OS*68838565**-2.55*-2.55*0*CM*0~REF*PO*CONSIGNM~DTM*999*20100831~RMR*OS*68838576**-7.89*-7.89*0*CM*0~REF*PO*CONSIGNM~DTM*999*20100901~RMR*OS*68841557**-2.25*-2.25*0*CM*0~REF*PO*CONSIGNM~DTM*999*20100901~RMR*OS*69605780**-8.9*-8.9*0*CM*0~REF*PO*CONSIGNM~DTM*999*20100831~RMR*OS*69716278**-1.25*-1.25*0*CM*0~REF*PO*CONSIGNM~DTM*999*20100831~RMR*OS*69716285**-12.46*-12.46*0*CM*0~REF*PO*CONSIGNM~DTM*999*20100901~RMR*OS*69729650**-14*-14*0*CM*0~REF*PO*CONSIGNM~DTM*999*20100831~RMR*OS*69729667**-13.1*-13.1*0*CM*0~REF*PO*CONSIGNM~DTM*999*20100901~RMR*OS*89878168**-14.33*-14.33*0*CM*0~REF*PO*CONSIGNM~DTM*999*20100831~RMR*OS*89878191**-40.77*-40.77*0*CM*0~REF*PO*CONSIGNM~DTM*999*20100901~RMR*IV*061001568**269.88*269.88*0*PT*0~REF*PO*0010038972~DTM*999*20100819~RMR*IV*061001788**255.53*255.53*0*PT*0~REF*PO*0010038995~DTM*999*20100820~RMR*IV*061190494**6.75*6.75*0*PT*0~REF*PO*0011051439~DTM*999*20100819~RMR*IV*061190621**2.25*2.25*0*PT*0~REF*PO*0011051466~DTM*999*20100820~RMR*IV*061829453**67.57*67.57*0*PT*0~REF*PO*0018041327~DTM*999*20100819~RMR*IV*061829563**123.56*123.56*0*PT*0~REF*PO*0018041356~DTM*999*20100820~RMR*IV*063852541**111.35*111.35*0*PT*0~REF*PO*0038093361~DTM*999*20100819~RMR*IV*063852590**153.1*153.1*0*PT*0~REF*PO*0038093376~DTM*999*20100820~RMR*IV*064502054**179.84*179.84*0*PT*0~REF*PO*0045012863~DTM*999*20100819~RMR*IV*064502267**247.54*247.54*0*PT*0~REF*PO*0045012891~DTM*999*20100820~RMR*IV*064814938**72.45*72.45*0*PT*0~REF*PO*0048089240~DTM*999*20100819~RMR*IV*064815066**79.65*79.65*0*PT*0~REF*PO*0048089260~DTM*999*20100820~RMR*IV*064945216**546.05*546.05*0*PT*0~REF*PO*0049018728~DTM*999*20100819~RMR*IV*064945435**617.92*617.92*0*PT*0~REF*PO*0049018761~DTM*999*20100820~RMR*IV*066515545**180.18*180.18*0*PT*0~REF*PO*0065034861~DTM*999*20100819~RMR*IV*066515740**185.83*185.83*0*PT*0~REF*PO*0065034882~DTM*999*20100820~RMR*IV*066704523**67.13*67.13*0*PT*0~REF*PO*0067039521~DTM*999*20100819~RMR*IV*066704653**57.41*57.41*0*PT*0~REF*PO*0067039543~DTM*999*20100820~RMR*IV*066869518**425.35*425.35*0*PT*0~REF*PO*0068042474~DTM*999*20100819~RMR*IV*066869912**382.33*382.33*0*PT*0~REF*PO*0068042509~DTM*999*20100820~RMR*IV*068377969**130.31*130.31*0*PT*0~REF*PO*0083041569~DTM*999*20100819~RMR*IV*068378263**193.2*193.2*0*PT*0~REF*PO*0083041594~DTM*999*20100820~RMR*IV*068787161**462.77*462.77*0*PT*0~REF*PO*0087088479~DTM*999*20100819~RMR*IV*068787330**383.55*383.55*0*PT*0~REF*PO*0087088533~DTM*999*20100820~RMR*IV*100553599**43.62*43.62*0*PT*0~REF*PO*0005084474~DTM*999*20100819~RMR*IV*100553705**38.52*38.52*0*PT*0~REF*PO*0005084494~DTM*999*20100820~RMR*IV*101225962**841.15*841.15*0*PT*0~REF*PO*0012022289~DTM*999*20100819~RMR*IV*101226108**836.4*836.4*0*PT*0~REF*PO*0012022322~DTM*999*20100820~RMR*IV*101337184**869.02*869.02*0*PT*0~REF*PO*0013040338~DTM*999*20100819~RMR*IV*101337491**866.38*866.38*0*PT*0~REF*PO*0013040370~DTM*999*20100820~RMR*IV*102813578**707.94*707.94*0*PT*0~REF*PO*0028060152~DTM*999*20100819~RMR*IV*102813834**853.58*853.58*0*PT*0~REF*PO*0028060170~DTM*999*20100820~RMR*IV*103161447**473.97*473.97*0*PT*0~REF*PO*0031045056~DTM*999*20100819~RMR*IV*103161561**503.74*503.74*0*PT*0~REF*PO*0031045119~DTM*999*20100820~RMR*IV*104030373**555.23*555.23*0*PT*0~REF*PO*0040021040~DTM*999*20100819~RMR*IV*104030554**756.81*756.81*0*PT*0~REF*PO*0040021065~DTM*999*20100820~RMR*IV*105295382**768.93*768.93*0*PT*0~REF*PO*0052012475~DTM*999*20100819~RMR*IV*105295507**821.65*821.65*0*PT*0~REF*PO*0052012536~DTM*999*20100820~RMR*IV*105925508**77.04*77.04*0*PT*0~REF*PO*0059095836~DTM*999*20100819~RMR*IV*105925602**140.65*140.65*0*PT*0~REF*PO*0059095847~DTM*999*20100820~RMR*IV*106279735**93.2*93.2*0*PT*0~REF*PO*0062021385~DTM*999*20100819~RMR*IV*106279852**147.18*147.18*0*PT*0~REF*PO*0062021450~DTM*999*20100820~RMR*IV*108386844**697.99*697.99*0*PT*0~REF*PO*0083041725~DTM*999*20100819~RMR*IV*108387053**794.77*794.77*0*PT*0~REF*PO*0083041748~DTM*999*20100820~RMR*IV*108972236**119.66*119.66*0*PT*0~REF*PO*0089080220~DTM*999*20100819~RMR*IV*108972347**234.6*234.6*0*PT*0~REF*PO*0089080234~DTM*999*20100820~RMR*IV*184429695**220.81*220.81*0*PT*0~REF*PO*0044083723~DTM*999*20100819~RMR*IV*184429892**334.1*334.1*0*PT*0~REF*PO*0044083751~DTM*999*20100820~RMR*IV*184508022**80.63*80.63*0*PT*0~REF*PO*0045023803~DTM*999*20100819~RMR*IV*184508157**60.59*60.59*0*PT*0~REF*PO*0045023829~DTM*999*20100820~RMR*IV*185797499**222.47*222.47*0*PT*0~REF*PO*0057041529~DTM*999*20100819~RMR*IV*185797546**105.76*105.76*0*PT*0~REF*PO*0057041562~DTM*999*20100820~RMR*IV*185882385**6.55*6.55*0*PT*0~REF*PO*0058021998~DTM*999*20100819~RMR*IV*185882551**2.25*2.25*0*PT*0~REF*PO*0058022022~DTM*999*20100820~RMR*IV*500156**185.5*185.5*0*PT*0~REF*PO*0071020804~DTM*999*20100731~RMR*IV*500969**1197.56*1197.56*0*PT*0~REF*PO*0030086789~DTM*999*20100804~RMR*IV*500970**1260.48*1260.48*0*PT*0~REF*PO*0059997138~DTM*999*20100804~RMR*IV*500971**420.16*420.16*0*PT*0~REF*PO*0080997138~DTM*999*20100804~RMR*IV*500972**420.16*420.16*0*PT*0~REF*PO*0048997138~DTM*999*20100804~RMR*IV*500974**420.16*420.16*0*PT*0~REF*PO*0073997138~DTM*999*20100804~RMR*IV*500975**420.16*420.16*0*PT*0~REF*PO*0074997138~DTM*999*20100804~RMR*IV*500979**420.16*420.16*0*PT*0~REF*PO*0058997138~DTM*999*20100804~RMR*IV*661492997**262.42*262.42*0*PT*0~REF*PO*0014061653~DTM*999*20100819~RMR*IV*661493122**215.26*215.26*0*PT*0~REF*PO*0014061730~DTM*999*20100820~RMR*IV*661790965**81.11*81.11*0*PT*0~REF*PO*0017047664~DTM*999*20100819~RMR*IV*661791081**103.86*103.86*0*PT*0~REF*PO*0017047684~DTM*999*20100820~RMR*IV*662350566**1305.84*1305.84*0*PT*0~REF*PO*0023070113~DTM*999*20100819~RMR*IV*662350700**1061.28*1061.28*0*PT*0~REF*PO*0023070161~DTM*999*20100820~RMR*IV*662952227**555.87*555.87*0*PT*0~REF*PO*0029037930~DTM*999*20100819~RMR*IV*662952479**440.6*440.6*0*PT*0~REF*PO*0029037962~DTM*999*20100820~RMR*IV*663098168**186.46*186.46*0*PT*0~REF*PO*0030014126~DTM*999*20100819~RMR*IV*663098386**137.89*137.89*0*PT*0~REF*PO*0030014135~DTM*999*20100820~RMR*IV*663723279**372.08*372.08*0*PT*0~REF*PO*0037048564~DTM*999*20100819~RMR*IV*663723471**348.05*348.05*0*PT*0~REF*PO*0037048616~DTM*999*20100820~RMR*IV*663825549**361.31*361.31*0*PT*0~REF*PO*0038074687~DTM*999*20100819~RMR*IV*663825684**790.7*790.7*0*PT*0~REF*PO*0038074715~DTM*999*20100820~RMR*IV*664021796**747.36*747.36*0*PT*0~REF*PO*0040072796~DTM*999*20100819~RMR*IV*664021955**783*783*0*PT*0~REF*PO*0040072819~DTM*999*20100820~RMR*IV*664549157**250.1*250.1*0*PT*0~REF*PO*0045009360~DTM*999*20100819~RMR*IV*664549328**371.54*371.54*0*PT*0~REF*PO*0045009397~DTM*999*20100820~RMR*IV*665102022**321.99*321.99*0*PT*0~REF*PO*0051038066~DTM*999*20100819~RMR*IV*665102148**462.83*462.83*0*PT*0~REF*PO*0051038087~DTM*999*20100820~RMR*IV*665472488**109.52*109.52*0*PT*0~REF*PO*0054009566~DTM*999*20100819~RMR*IV*665472609**102.16*102.16*0*PT*0~REF*PO*0054009599~DTM*999*20100820~RMR*IV*666284726**999.78*999.78*0*PT*0~REF*PO*0062097294~DTM*999*20100819~RMR*IV*666284847**1283.55*1283.55*0*PT*0~REF*PO*0062097332~DTM*999*20100820~RMR*IV*666358666**8.2*8.2*0*PT*0~REF*PO*0063001265~DTM*999*20100819~RMR*IV*666358770**26.03*26.03*0*PT*0~REF*PO*0063001285~DTM*999*20100820~RMR*IV*667000102**6.55*6.55*0*PT*0~REF*PO*0070041722~DTM*999*20100820~RMR*IV*667099952**10.8*10.8*0*PT*0~REF*PO*0070041703~DTM*999*20100819~RMR*IV*667324704**38.87*38.87*0*PT*0~REF*PO*0073053384~DTM*999*20100819~RMR*IV*667324875**80.46*80.46*0*PT*0~REF*PO*0073053404~DTM*999*20100820~RMR*IV*668155462**372.47*372.47*0*PT*0~REF*PO*0081041954~DTM*999*20100819~RMR*IV*668155526**576.05*576.05*0*PT*0~REF*PO*0081041976~DTM*999*20100820~RMR*IV*668352834**191.64*191.64*0*PT*0~REF*PO*0083008400~DTM*999*20100819~RMR*IV*668353011**198.24*198.24*0*PT*0~REF*PO*0083008415~DTM*999*20100820~RMR*IV*683405775**154.93*154.93*0*PT*0~REF*PO*0034044022~DTM*999*20100819~RMR*IV*683405918**193.76*193.76*0*PT*0~REF*PO*0034044032~DTM*999*20100820~RMR*IV*687470471**33.51*33.51*0*PT*0~REF*PO*0074099674~DTM*999*20100819~RMR*IV*687470615**98.48*98.48*0*PT*0~REF*PO*0074099690~DTM*999*20100820~RMR*IV*687688876**148.68*148.68*0*PT*0~REF*PO*0076019672~DTM*999*20100819~RMR*IV*687689076**325.43*325.43*0*PT*0~REF*PO*0076019718~DTM*999*20100820~RMR*IV*688353719**71.37*71.37*0*PT*0~REF*PO*0083090841~DTM*999*20100819~RMR*IV*688353769**157.99*157.99*0*PT*0~REF*PO*0083090855~DTM*999*20100820~RMR*IV*688462975**372.86*372.86*0*PT*0~REF*PO*0084080056~DTM*999*20100819~RMR*IV*688463147**345.88*345.88*0*PT*0~REF*PO*0084080092~DTM*999*20100820~RMR*IV*696032173**108.18*108.18*0*PT*0~REF*PO*0060060623~DTM*999*20100819~RMR*IV*696032336**228.99*228.99*0*PT*0~REF*PO*0060060636~DTM*999*20100820~RMR*IV*697100050**81.58*81.58*0*PT*0~REF*PO*0071022034~DTM*999*20100819~RMR*IV*697100258**151.47*151.47*0*PT*0~REF*PO*0071022055~DTM*999*20100820~RMR*IV*697273812**70.83*70.83*0*PT*0~REF*PO*0072052986~DTM*999*20100819~RMR*IV*697273937**23.38*23.38*0*PT*0~REF*PO*0072053024~DTM*999*20100820~RMR*IV*846376473**43.95*43.95*0*PT*0~REF*PO*0063003651~DTM*999*20100819~RMR*IV*846376548**46.5*46.5*0*PT*0~REF*PO*0063003706~DTM*999*20100820~RMR*IV*852623254**110.19*110.19*0*PT*0~REF*PO*0026032624~DTM*999*20100819~RMR*IV*852623418**204.46*204.46*0*PT*0~REF*PO*0026032643~DTM*999*20100820~RMR*IV*898721139**245.16*245.16*0*PT*0~REF*PO*0087090864~DTM*999*20100819~RMR*IV*898721425**463.31*463.31*0*PT*0~REF*PO*0087090896~DTM*999*20100820~SE*602*2719~GE*1*2719~IEA*1*000002729~