ISA*00*          *00*          *09*006985290EFT   *12*8017317830     *140522*2301*U*00401*000000003*0*P*>
GS*RA*006985290EFT*8017317830*20140522*2301*3*X*004010
ST*820*0001
BPR*I*24931.55*C*ACH*CCP*01*061209756*DA*2079900567397*9008965873**01*124002971*DA*2240005724*20140526*VEN
TRN*3*772653011*9008965873
DTM*097*20140522
N1*PR*SEARS HOLDINGS MANAGEMENT CORP.*1*008965873
N1*PE*PINEAE GREENHOUSES INC*92*00083922393
N1*SE*PINEAE GREENHOUSES INC*92*00083922393
ENT*1
RMR*AA*K0308520140505*PI*85.8*85.8*0
REF*PO*0020140505
REF*ST*03085
REF*DP*043
DTM*999*20140504
RMR*AA*K0308520140506*PI*175.04*175.04*0
REF*PO*0020140506
REF*ST*03085
REF*DP*043
DTM*999*20140505
RMR*AA*K0308520140507*PI*43*43*0
REF*PO*0020140507
REF*ST*03085
REF*DP*043
DTM*999*20140506
RMR*AA*K0308520140508*PI*10.13*10.13*0
REF*PO*0020140508
REF*ST*03085
REF*DP*043
DTM*999*20140507
RMR*AA*K0308520140509*PI*111.36*111.36*0
REF*PO*0020140509
REF*ST*03085
REF*DP*043
DTM*999*20140508
RMR*AA*K0308520140510*PI*134.96*134.96*0
REF*PO*0020140510
REF*ST*03085
REF*DP*043
DTM*999*20140509
RMR*AA*K0308520140511*PI*301.45*301.45*0
REF*PO*0020140511
REF*ST*03085
REF*DP*043
DTM*999*20140510
RMR*AA*K0376520140505*PI*70.53*70.53*0
REF*PO*0020140505
REF*ST*03765
REF*DP*043
DTM*999*20140504
RMR*AA*K0376520140506*PI*170.41*170.41*0
REF*PO*0020140506
REF*ST*03765
REF*DP*043
DTM*999*20140505
RMR*AA*K0376520140507*PI*59.3*59.3*0
REF*PO*0020140507
REF*ST*03765
REF*DP*043
DTM*999*20140506
RMR*AA*K0376520140508*PI*79.37*79.37*0
REF*PO*0020140508
REF*ST*03765
REF*DP*043
DTM*999*20140507
RMR*AA*K0376520140509*PI*49.37*49.37*0
REF*PO*0020140509
REF*ST*03765
REF*DP*043
DTM*999*20140508
RMR*AA*K0376520140510*PI*217.25*217.25*0
REF*PO*0020140510
REF*ST*03765
REF*DP*043
DTM*999*20140509
RMR*AA*K0376520140511*PI*340.84*340.84*0
REF*PO*0020140511
REF*ST*03765
REF*DP*043
DTM*999*20140510
RMR*AA*K0376520140516*PI*-17.68*-17.68*0
REF*PO*0020140516
REF*ST*03765
REF*DP*043
DTM*999*20140515
RMR*AA*K0389120140505*PI*257.51*257.51*0
REF*PO*0020140505
REF*ST*03891
REF*DP*043
DTM*999*20140504
RMR*AA*K0389120140506*PI*165.56*165.56*0
REF*PO*0020140506
REF*ST*03891
REF*DP*043
DTM*999*20140505
RMR*AA*K0389120140507*PI*107.16*107.16*0
REF*PO*0020140507
REF*ST*03891
REF*DP*043
DTM*999*20140506
RMR*AA*K0389120140508*PI*102.32*102.32*0
REF*PO*0020140508
REF*ST*03891
REF*DP*043
DTM*999*20140507
RMR*AA*K0389120140509*PI*154.75*154.75*0
REF*PO*0020140509
REF*ST*03891
REF*DP*043
DTM*999*20140508
RMR*AA*K0389120140510*PI*219.36*219.36*0
REF*PO*0020140510
REF*ST*03891
REF*DP*043
DTM*999*20140509
RMR*AA*K0389120140511*PI*551.95*551.95*0
REF*PO*0020140511
REF*ST*03891
REF*DP*043
DTM*999*20140510
RMR*AA*K0415920140505*PI*261.28*261.28*0
REF*PO*0020140505
REF*ST*04159
REF*DP*043
DTM*999*20140504
RMR*AA*K0415920140506*PI*94.41*94.41*0
REF*PO*0020140506
REF*ST*04159
REF*DP*043
DTM*999*20140505
RMR*AA*K0415920140507*PI*178.92*178.92*0
REF*PO*0020140507
REF*ST*04159
REF*DP*043
DTM*999*20140506
RMR*AA*K0415920140508*PI*21.3*21.3*0
REF*PO*0020140508
REF*ST*04159
REF*DP*043
DTM*999*20140507
RMR*AA*K0415920140509*PI*240.41*240.41*0
REF*PO*0020140509
REF*ST*04159
REF*DP*043
DTM*999*20140508
RMR*AA*K0415920140510*PI*129.98*129.98*0
REF*PO*0020140510
REF*ST*04159
REF*DP*043
DTM*999*20140509
RMR*AA*K0415920140511*PI*407.61*407.61*0
REF*PO*0020140511
REF*ST*04159
REF*DP*043
DTM*999*20140510
RMR*AA*K0416220140505*PI*235.48*235.48*0
REF*PO*0020140505
REF*ST*04162
REF*DP*043
DTM*999*20140504
RMR*AA*K0416220140506*PI*106.18*106.18*0
REF*PO*0020140506
REF*ST*04162
REF*DP*043
DTM*999*20140505
RMR*AA*K0416220140507*PI*109.44*109.44*0
REF*PO*0020140507
REF*ST*04162
REF*DP*043
DTM*999*20140506
RMR*AA*K0416220140508*PI*58.58*58.58*0
REF*PO*0020140508
REF*ST*04162
REF*DP*043
DTM*999*20140507
RMR*AA*K0416220140509*PI*62.01*62.01*0
REF*PO*0020140509
REF*ST*04162
REF*DP*043
DTM*999*20140508
RMR*AA*K0416220140510*PI*182.97*182.97*0
REF*PO*0020140510
REF*ST*04162
REF*DP*043
DTM*999*20140509
RMR*AA*K0416220140511*PI*589.74*589.74*0
REF*PO*0020140511
REF*ST*04162
REF*DP*043
DTM*999*20140510
RMR*AA*K0473620140505*PI*345.91*345.91*0
REF*PO*0020140505
REF*ST*04736
REF*DP*043
DTM*999*20140504
RMR*AA*K0473620140506*PI*499.33*499.33*0
REF*PO*0020140506
REF*ST*04736
REF*DP*043
DTM*999*20140505
RMR*AA*K0473620140507*PI*250.33*250.33*0
REF*PO*0020140507
REF*ST*04736
REF*DP*043
DTM*999*20140506
RMR*AA*K0473620140508*PI*61.99*61.99*0
REF*PO*0020140508
REF*ST*04736
REF*DP*043
DTM*999*20140507
RMR*AA*K0473620140509*PI*350.86*350.86*0
REF*PO*0020140509
REF*ST*04736
REF*DP*043
DTM*999*20140508
RMR*AA*K0473620140510*PI*527.33*527.33*0
REF*PO*0020140510
REF*ST*04736
REF*DP*043
DTM*999*20140509
RMR*AA*K0473620140511*PI*779.77*779.77*0
REF*PO*0020140511
REF*ST*04736
REF*DP*043
DTM*999*20140510
RMR*AA*K0483720140505*PI*38.96*38.96*0
REF*PO*0020140505
REF*ST*04837
REF*DP*043
DTM*999*20140504
RMR*AA*K0483720140506*PI*89.46*89.46*0
REF*PO*0020140506
REF*ST*04837
REF*DP*043
DTM*999*20140505
RMR*AA*K0483720140507*PI*26.92*26.92*0
REF*PO*0020140507
REF*ST*04837
REF*DP*043
DTM*999*20140506
RMR*AA*K0483720140508*PI*10.8*10.8*0
REF*PO*0020140508
REF*ST*04837
REF*DP*043
DTM*999*20140507
RMR*AA*K0483720140509*PI*25.05*25.05*0
REF*PO*0020140509
REF*ST*04837
REF*DP*043
DTM*999*20140508
RMR*AA*K0483720140510*PI*113.58*113.58*0
REF*PO*0020140510
REF*ST*04837
REF*DP*043
DTM*999*20140509
RMR*AA*K0483720140511*PI*466.76*466.76*0
REF*PO*0020140511
REF*ST*04837
REF*DP*043
DTM*999*20140510
RMR*AA*K0486320140505*PI*88.1*88.1*0
REF*PO*0020140505
REF*ST*04863
REF*DP*043
DTM*999*20140504
RMR*AA*K0486320140506*PI*76.53*76.53*0
REF*PO*0020140506
REF*ST*04863
REF*DP*043
DTM*999*20140505
RMR*AA*K0486320140507*PI*31.56*31.56*0
REF*PO*0020140507
REF*ST*04863
REF*DP*043
DTM*999*20140506
RMR*AA*K0486320140508*PI*23.25*23.25*0
REF*PO*0020140508
REF*ST*04863
REF*DP*043
DTM*999*20140507
RMR*AA*K0486320140509*PI*24.66*24.66*0
REF*PO*0020140509
REF*ST*04863
REF*DP*043
DTM*999*20140508
RMR*AA*K0486320140510*PI*116.84*116.84*0
REF*PO*0020140510
REF*ST*04863
REF*DP*043
DTM*999*20140509
RMR*AA*K0486320140511*PI*151.91*151.91*0
REF*PO*0020140511
REF*ST*04863
REF*DP*043
DTM*999*20140510
RMR*AA*K0710720140505*PI*96.45*96.45*0
REF*PO*0020140505
REF*ST*07107
REF*DP*043
DTM*999*20140504
RMR*AA*K0710720140507*PI*15.72*15.72*0
REF*PO*0020140507
REF*ST*07107
REF*DP*043
DTM*999*20140506
RMR*AA*K0710720140508*PI*64.41*64.41*0
REF*PO*0020140508
REF*ST*07107
REF*DP*043
DTM*999*20140507
RMR*AA*K0710720140509*PI*52.5*52.5*0
REF*PO*0020140509
REF*ST*07107
REF*DP*043
DTM*999*20140508
RMR*AA*K0710720140510*PI*198.75*198.75*0
REF*PO*0020140510
REF*ST*07107
REF*DP*043
DTM*999*20140509
RMR*AA*K0710720140511*PI*264.74*264.74*0
REF*PO*0020140511
REF*ST*07107
REF*DP*043
DTM*999*20140510
RMR*AA*K0741220140505*PI*55*55*0
REF*PO*0020140505
REF*ST*07412
REF*DP*043
DTM*999*20140504
RMR*AA*K0741220140506*PI*80.72*80.72*0
REF*PO*0020140506
REF*ST*07412
REF*DP*043
DTM*999*20140505
RMR*AA*K0741220140507*PI*20.26*20.26*0
REF*PO*0020140507
REF*ST*07412
REF*DP*043
DTM*999*20140506
RMR*AA*K0741220140508*PI*85.73*85.73*0
REF*PO*0020140508
REF*ST*07412
REF*DP*043
DTM*999*20140507
RMR*AA*K0741220140509*PI*160.48*160.48*0
REF*PO*0020140509
REF*ST*07412
REF*DP*043
DTM*999*20140508
RMR*AA*K0741220140510*PI*253.89*253.89*0
REF*PO*0020140510
REF*ST*07412
REF*DP*043
DTM*999*20140509
RMR*AA*K0741220140511*PI*322.51*322.51*0
REF*PO*0020140511
REF*ST*07412
REF*DP*043
DTM*999*20140510
RMR*AA*K0742320140505*PI*95.31*95.31*0
REF*PO*0020140505
REF*ST*07423
REF*DP*043
DTM*999*20140504
RMR*AA*K0742320140506*PI*87.04*87.04*0
REF*PO*0020140506
REF*ST*07423
REF*DP*043
DTM*999*20140505
RMR*AA*K0742320140507*PI*170.67*170.67*0
REF*PO*0020140507
REF*ST*07423
REF*DP*043
DTM*999*20140506
RMR*AA*K0742320140508*PI*45.52*45.52*0
REF*PO*0020140508
REF*ST*07423
REF*DP*043
DTM*999*20140507
RMR*AA*K0742320140509*PI*215.01*215.01*0
REF*PO*0020140509
REF*ST*07423
REF*DP*043
DTM*999*20140508
RMR*AA*K0742320140510*PI*101.45*101.45*0
REF*PO*0020140510
REF*ST*07423
REF*DP*043
DTM*999*20140509
RMR*AA*K0742320140511*PI*526.05*526.05*0
REF*PO*0020140511
REF*ST*07423
REF*DP*043
DTM*999*20140510
RMR*AA*K0742520140505*PI*101.77*101.77*0
REF*PO*0020140505
REF*ST*07425
REF*DP*043
DTM*999*20140504
RMR*AA*K0742520140506*PI*86.11*86.11*0
REF*PO*0020140506
REF*ST*07425
REF*DP*043
DTM*999*20140505
RMR*AA*K0742520140507*PI*47.64*47.64*0
REF*PO*0020140507
REF*ST*07425
REF*DP*043
DTM*999*20140506
RMR*AA*K0742520140508*PI*54.3*54.3*0
REF*PO*0020140508
REF*ST*07425
REF*DP*043
DTM*999*20140507
RMR*AA*K0742520140509*PI*84.07*84.07*0
REF*PO*0020140509
REF*ST*07425
REF*DP*043
DTM*999*20140508
RMR*AA*K0742520140510*PI*188.19*188.19*0
REF*PO*0020140510
REF*ST*07425
REF*DP*043
DTM*999*20140509
RMR*AA*K0742520140511*PI*594.15*594.15*0
REF*PO*0020140511
REF*ST*07425
REF*DP*043
DTM*999*20140510
RMR*AA*K0742620140505*PI*90.58*90.58*0
REF*PO*0020140505
REF*ST*07426
REF*DP*043
DTM*999*20140504
RMR*AA*K0742620140506*PI*175.13*175.13*0
REF*PO*0020140506
REF*ST*07426
REF*DP*043
DTM*999*20140505
RMR*AA*K0742620140507*PI*170.4*170.4*0
REF*PO*0020140507
REF*ST*07426
REF*DP*043
DTM*999*20140506
RMR*AA*K0742620140508*PI*107.51*107.51*0
REF*PO*0020140508
REF*ST*07426
REF*DP*043
DTM*999*20140507
RMR*AA*K0742620140509*PI*177.01*177.01*0
REF*PO*0020140509
REF*ST*07426
REF*DP*043
DTM*999*20140508
RMR*AA*K0742620140510*PI*162.48*162.48*0
REF*PO*0020140510
REF*ST*07426
REF*DP*043
DTM*999*20140509
RMR*AA*K0742620140511*PI*633.54*633.54*0
REF*PO*0020140511
REF*ST*07426
REF*DP*043
DTM*999*20140510
RMR*AA*K0754220140505*PI*245.78*245.78*0
REF*PO*0020140505
REF*ST*07542
REF*DP*043
DTM*999*20140504
RMR*AA*K0754220140506*PI*195.82*195.82*0
REF*PO*0020140506
REF*ST*07542
REF*DP*043
DTM*999*20140505
RMR*AA*K0754220140507*PI*148.07*148.07*0
REF*PO*0020140507
REF*ST*07542
REF*DP*043
DTM*999*20140506
RMR*AA*K0754220140508*PI*186.51*186.51*0
REF*PO*0020140508
REF*ST*07542
REF*DP*043
DTM*999*20140507
RMR*AA*K0754220140509*PI*269.45*269.45*0
REF*PO*0020140509
REF*ST*07542
REF*DP*043
DTM*999*20140508
RMR*AA*K0754220140510*PI*149.59*149.59*0
REF*PO*0020140510
REF*ST*07542
REF*DP*043
DTM*999*20140509
RMR*AA*K0754220140511*PI*617.71*617.71*0
REF*PO*0020140511
REF*ST*07542
REF*DP*043
DTM*999*20140510
RMR*AA*K0761820140505*PI*34.99*34.99*0
REF*PO*0020140505
REF*ST*07618
REF*DP*043
DTM*999*20140504
RMR*AA*K0761820140506*PI*86.46*86.46*0
REF*PO*0020140506
REF*ST*07618
REF*DP*043
DTM*999*20140505
RMR*AA*K0761820140507*PI*3.76*3.76*0
REF*PO*0020140507
REF*ST*07618
REF*DP*043
DTM*999*20140506
RMR*AA*K0761820140508*PI*36.26*36.26*0
REF*PO*0020140508
REF*ST*07618
REF*DP*043
DTM*999*20140507
RMR*AA*K0761820140509*PI*105.41*105.41*0
REF*PO*0020140509
REF*ST*07618
REF*DP*043
DTM*999*20140508
RMR*AA*K0761820140510*PI*38.06*38.06*0
REF*PO*0020140510
REF*ST*07618
REF*DP*043
DTM*999*20140509
RMR*AA*K0761820140511*PI*203.53*203.53*0
REF*PO*0020140511
REF*ST*07618
REF*DP*043
DTM*999*20140510
RMR*AA*K0762420140505*PI*74.37*74.37*0
REF*PO*0020140505
REF*ST*07624
REF*DP*043
DTM*999*20140504
RMR*AA*K0762420140506*PI*187.66*187.66*0
REF*PO*0020140506
REF*ST*07624
REF*DP*043
DTM*999*20140505
RMR*AA*K0762420140507*PI*172.68*172.68*0
REF*PO*0020140507
REF*ST*07624
REF*DP*043
DTM*999*20140506
RMR*AA*K0762420140508*PI*16.86*16.86*0
REF*PO*0020140508
REF*ST*07624
REF*DP*043
DTM*999*20140507
RMR*AA*K0762420140509*PI*142.94*142.94*0
REF*PO*0020140509
REF*ST*07624
REF*DP*043
DTM*999*20140508
RMR*AA*K0762420140510*PI*324.53*324.53*0
REF*PO*0020140510
REF*ST*07624
REF*DP*043
DTM*999*20140509
RMR*AA*K0762420140511*PI*772.25*772.25*0
REF*PO*0020140511
REF*ST*07624
REF*DP*043
DTM*999*20140510
RMR*AA*K0907420140505*PI*35.14*35.14*0
REF*PO*0020140505
REF*ST*09074
REF*DP*043
DTM*999*20140504
RMR*AA*K0907420140506*PI*201.36*201.36*0
REF*PO*0020140506
REF*ST*09074
REF*DP*043
DTM*999*20140505
RMR*AA*K0907420140507*PI*93.72*93.72*0
REF*PO*0020140507
REF*ST*09074
REF*DP*043
DTM*999*20140506
RMR*AA*K0907420140508*PI*17.96*17.96*0
REF*PO*0020140508
REF*ST*09074
REF*DP*043
DTM*999*20140507
RMR*AA*K0907420140509*PI*45.95*45.95*0
REF*PO*0020140509
REF*ST*09074
REF*DP*043
DTM*999*20140508
RMR*AA*K0907420140510*PI*217.69*217.69*0
REF*PO*0020140510
REF*ST*09074
REF*DP*043
DTM*999*20140509
RMR*AA*K0907420140511*PI*516.26*516.26*0
REF*PO*0020140511
REF*ST*09074
REF*DP*043
DTM*999*20140510
RMR*AA*K0922520140505*PI*26.93*26.93*0
REF*PO*0020140505
REF*ST*09225
REF*DP*043
DTM*999*20140504
RMR*AA*K0922520140506*PI*39.37*39.37*0
REF*PO*0020140506
REF*ST*09225
REF*DP*043
DTM*999*20140505
RMR*AA*K0922520140507*PI*60.43*60.43*0
REF*PO*0020140507
REF*ST*09225
REF*DP*043
DTM*999*20140506
RMR*AA*K0922520140508*PI*49.3*49.3*0
REF*PO*0020140508
REF*ST*09225
REF*DP*043
DTM*999*20140507
RMR*AA*K0922520140509*PI*61.46*61.46*0
REF*PO*0020140509
REF*ST*09225
REF*DP*043
DTM*999*20140508
RMR*AA*K0922520140510*PI*124.79*124.79*0
REF*PO*0020140510
REF*ST*09225
REF*DP*043
DTM*999*20140509
RMR*AA*K0922520140511*PI*632.97*632.97*0
REF*PO*0020140511
REF*ST*09225
REF*DP*043
DTM*999*20140510
RMR*AA*K0924120140505*PI*68.27*68.27*0
REF*PO*0020140505
REF*ST*09241
REF*DP*043
DTM*999*20140504
RMR*AA*K0924120140506*PI*114.63*114.63*0
REF*PO*0020140506
REF*ST*09241
REF*DP*043
DTM*999*20140505
RMR*AA*K0924120140507*PI*73.62*73.62*0
REF*PO*0020140507
REF*ST*09241
REF*DP*043
DTM*999*20140506
RMR*AA*K0924120140508*PI*81.73*81.73*0
REF*PO*0020140508
REF*ST*09241
REF*DP*043
DTM*999*20140507
RMR*AA*K0924120140509*PI*108.56*108.56*0
REF*PO*0020140509
REF*ST*09241
REF*DP*043
DTM*999*20140508
RMR*AA*K0924120140510*PI*82.84*82.84*0
REF*PO*0020140510
REF*ST*09241
REF*DP*043
DTM*999*20140509
RMR*AA*K0924120140511*PI*317.02*317.02*0
REF*PO*0020140511
REF*ST*09241
REF*DP*043
DTM*999*20140510
RMR*AA*K0975120140505*PI*223.54*223.54*0
REF*PO*0020140505
REF*ST*09751
REF*DP*043
DTM*999*20140504
RMR*AA*K0975120140506*PI*168.29*168.29*0
REF*PO*0020140506
REF*ST*09751
REF*DP*043
DTM*999*20140505
RMR*AA*K0975120140507*PI*45.49*45.49*0
REF*PO*0020140507
REF*ST*09751
REF*DP*043
DTM*999*20140506
RMR*AA*K0975120140508*PI*1.12*1.12*0
REF*PO*0020140508
REF*ST*09751
REF*DP*043
DTM*999*20140507
RMR*AA*K0975120140509*PI*73.81*73.81*0
REF*PO*0020140509
REF*ST*09751
REF*DP*043
DTM*999*20140508
RMR*AA*K0975120140510*PI*335.5*335.5*0
REF*PO*0020140510
REF*ST*09751
REF*DP*043
DTM*999*20140509
RMR*AA*K0975120140511*PI*576.08*576.08*0
REF*PO*0020140511
REF*ST*09751
REF*DP*043
DTM*999*20140510
RMR*AA*K0979220140505*PI*99.71*99.71*0
REF*PO*0020140505
REF*ST*09792
REF*DP*043
DTM*999*20140504
RMR*AA*K0979220140506*PI*35.63*35.63*0
REF*PO*0020140506
REF*ST*09792
REF*DP*043
DTM*999*20140505
RMR*AA*K0979220140507*PI*4.44*4.44*0
REF*PO*0020140507
REF*ST*09792
REF*DP*043
DTM*999*20140506
RMR*AA*K0979220140508*PI*49.53*49.53*0
REF*PO*0020140508
REF*ST*09792
REF*DP*043
DTM*999*20140507
RMR*AA*K0979220140509*PI*77.86*77.86*0
REF*PO*0020140509
REF*ST*09792
REF*DP*043
DTM*999*20140508
RMR*AA*K0979220140510*PI*136.89*136.89*0
REF*PO*0020140510
REF*ST*09792
REF*DP*043
DTM*999*20140509
RMR*AA*K0979220140511*PI*367.93*367.93*0
REF*PO*0020140511
REF*ST*09792
REF*DP*043
DTM*999*20140510
SE*744*0001
GE*1*3
IEA*1*000000003
