ISA*00*          *00*          *09*006985290EFT   *12*8017317830     *140828*2302*U*00401*000000017*0*P*>
GS*RA*006985290EFT*8017317830*20140828*2302*17*X*004010
ST*820*0001
BPR*I*1968.28*C*ACH*CCP*01*061209756*DA*2079900567397*9008965873**01*124002971*DA*2240005724*20140901*VEN
TRN*3*772756037*9008965873
DTM*097*20140828
N1*PR*SEARS HOLDINGS MANAGEMENT CORP.*1*008965873
N1*PE*PINEAE GREENHOUSES INC*92*00083922393
N1*SE*PINEAE GREENHOUSES INC*92*00083922393
ENT*1
RMR*AA*K0308520140811*PI*4.8*4.8*0
REF*PO*0020140811
REF*ST*03085
REF*DP*043
DTM*999*20140810
RMR*AA*K0364420140811*PI*2.4*2.4*0
REF*PO*0020140811
REF*ST*03644
REF*DP*043
DTM*999*20140810
RMR*AA*K0364420140812*PI*4.8*4.8*0
REF*PO*0020140812
REF*ST*03644
REF*DP*043
DTM*999*20140811
RMR*AA*K0364420140813*PI*2.4*2.4*0
REF*PO*0020140813
REF*ST*03644
REF*DP*043
DTM*999*20140812
RMR*AA*K0364420140814*PI*7.2*7.2*0
REF*PO*0020140814
REF*ST*03644
REF*DP*043
DTM*999*20140813
RMR*AA*K0364420140815*PI*2.4*2.4*0
REF*PO*0020140815
REF*ST*03644
REF*DP*043
DTM*999*20140814
RMR*AA*K0364420140816*PI*19.2*19.2*0
REF*PO*0020140816
REF*ST*03644
REF*DP*043
DTM*999*20140815
RMR*AA*K0364420140817*PI*7.2*7.2*0
REF*PO*0020140817
REF*ST*03644
REF*DP*043
DTM*999*20140816
RMR*AA*K0389120140811*PI*30.4*30.4*0
REF*PO*0020140811
REF*ST*03891
REF*DP*043
DTM*999*20140810
RMR*AA*K0389120140812*PI*16*16*0
REF*PO*0020140812
REF*ST*03891
REF*DP*043
DTM*999*20140811
RMR*AA*K0389120140813*PI*7.2*7.2*0
REF*PO*0020140813
REF*ST*03891
REF*DP*043
DTM*999*20140812
RMR*AA*K0389120140815*PI*3.2*3.2*0
REF*PO*0020140815
REF*ST*03891
REF*DP*043
DTM*999*20140814
RMR*AA*K0389120140816*PI*10.4*10.4*0
REF*PO*0020140816
REF*ST*03891
REF*DP*043
DTM*999*20140815
RMR*AA*K0389120140817*PI*14.26*14.26*0
REF*PO*0020140817
REF*ST*03891
REF*DP*043
DTM*999*20140816
RMR*AA*K0415920140811*PI*6.4*6.4*0
REF*PO*0020140811
REF*ST*04159
REF*DP*043
DTM*999*20140810
RMR*AA*K0415920140812*PI*3.2*3.2*0
REF*PO*0020140812
REF*ST*04159
REF*DP*043
DTM*999*20140811
RMR*AA*K0415920140813*PI*13.6*13.6*0
REF*PO*0020140813
REF*ST*04159
REF*DP*043
DTM*999*20140812
RMR*AA*K0416220140811*PI*3*3*0
REF*PO*0020140811
REF*ST*04162
REF*DP*043
DTM*999*20140810
RMR*AA*K0416220140812*PI*43.63*43.63*0
REF*PO*0020140812
REF*ST*04162
REF*DP*043
DTM*999*20140811
RMR*AA*K0416220140814*PI*5.05*5.05*0
REF*PO*0020140814
REF*ST*04162
REF*DP*043
DTM*999*20140813
RMR*AA*K0416220140815*PI*9.07*9.07*0
REF*PO*0020140815
REF*ST*04162
REF*DP*043
DTM*999*20140814
RMR*AA*K0416220140816*PI*7.95*7.95*0
REF*PO*0020140816
REF*ST*04162
REF*DP*043
DTM*999*20140815
RMR*AA*K0473620140811*PI*11.2*11.2*0
REF*PO*0020140811
REF*ST*04736
REF*DP*043
DTM*999*20140810
RMR*AA*K0473620140812*PI*7.08*7.08*0
REF*PO*0020140812
REF*ST*04736
REF*DP*043
DTM*999*20140811
RMR*AA*K0473620140813*PI*17*17*0
REF*PO*0020140813
REF*ST*04736
REF*DP*043
DTM*999*20140812
RMR*AA*K0473620140814*PI*35.9*35.9*0
REF*PO*0020140814
REF*ST*04736
REF*DP*043
DTM*999*20140813
RMR*AA*K0473620140815*PI*81.4*81.4*0
REF*PO*0020140815
REF*ST*04736
REF*DP*043
DTM*999*20140814
RMR*AA*K0473620140816*PI*65.95*65.95*0
REF*PO*0020140816
REF*ST*04736
REF*DP*043
DTM*999*20140815
RMR*AA*K0473620140817*PI*51.8*51.8*0
REF*PO*0020140817
REF*ST*04736
REF*DP*043
DTM*999*20140816
RMR*AA*K0483720140811*PI*47.89*47.89*0
REF*PO*0020140811
REF*ST*04837
REF*DP*043
DTM*999*20140810
RMR*AA*K0483720140812*PI*7.24*7.24*0
REF*PO*0020140812
REF*ST*04837
REF*DP*043
DTM*999*20140811
RMR*AA*K0483720140814*PI*5.99*5.99*0
REF*PO*0020140814
REF*ST*04837
REF*DP*043
DTM*999*20140813
RMR*AA*K0483720140815*PI*17.36*17.36*0
REF*PO*0020140815
REF*ST*04837
REF*DP*043
DTM*999*20140814
RMR*AA*K0483720140817*PI*3.8*3.8*0
REF*PO*0020140817
REF*ST*04837
REF*DP*043
DTM*999*20140816
RMR*AA*K0486320140813*PI*8.2*8.2*0
REF*PO*0020140813
REF*ST*04863
REF*DP*043
DTM*999*20140812
RMR*AA*K0486320140814*PI*11.96*11.96*0
REF*PO*0020140814
REF*ST*04863
REF*DP*043
DTM*999*20140813
RMR*AA*K0486320140815*PI*4.6*4.6*0
REF*PO*0020140815
REF*ST*04863
REF*DP*043
DTM*999*20140814
RMR*AA*K0486320140816*PI*2.3*2.3*0
REF*PO*0020140816
REF*ST*04863
REF*DP*043
DTM*999*20140815
RMR*AA*K0710720140811*PI*1.6*1.6*0
REF*PO*0020140811
REF*ST*07107
REF*DP*043
DTM*999*20140810
RMR*AA*K0710720140812*PI*4.4*4.4*0
REF*PO*0020140812
REF*ST*07107
REF*DP*043
DTM*999*20140811
RMR*AA*K0710720140814*PI*12*12*0
REF*PO*0020140814
REF*ST*07107
REF*DP*043
DTM*999*20140813
RMR*AA*K0710720140817*PI*1.12*1.12*0
REF*PO*0020140817
REF*ST*07107
REF*DP*043
DTM*999*20140816
RMR*AA*K0713920140811*PI*179.95*179.95*0
REF*PO*0020140811
REF*ST*07139
REF*DP*043
DTM*999*20140810
RMR*AA*K0713920140812*PI*153.92*153.92*0
REF*PO*0020140812
REF*ST*07139
REF*DP*043
DTM*999*20140811
RMR*AA*K0713920140813*PI*25.69*25.69*0
REF*PO*0020140813
REF*ST*07139
REF*DP*043
DTM*999*20140812
RMR*AA*K0713920140814*PI*159.75*159.75*0
REF*PO*0020140814
REF*ST*07139
REF*DP*043
DTM*999*20140813
RMR*AA*K0713920140815*PI*152.23*152.23*0
REF*PO*0020140815
REF*ST*07139
REF*DP*043
DTM*999*20140814
RMR*AA*K0713920140816*PI*107.98*107.98*0
REF*PO*0020140816
REF*ST*07139
REF*DP*043
DTM*999*20140815
RMR*AA*K0713920140817*PI*152.96*152.96*0
REF*PO*0020140817
REF*ST*07139
REF*DP*043
DTM*999*20140816
RMR*AA*K0742320140812*PI*3.2*3.2*0
REF*PO*0020140812
REF*ST*07423
REF*DP*043
DTM*999*20140811
RMR*AA*K0742320140815*PI*1.6*1.6*0
REF*PO*0020140815
REF*ST*07423
REF*DP*043
DTM*999*20140814
RMR*AA*K0742320140816*PI*1.88*1.88*0
REF*PO*0020140816
REF*ST*07423
REF*DP*043
DTM*999*20140815
RMR*AA*K0742320140817*PI*3*3*0
REF*PO*0020140817
REF*ST*07423
REF*DP*043
DTM*999*20140816
RMR*AA*K0742520140812*PI*44.88*44.88*0
REF*PO*0020140812
REF*ST*07425
REF*DP*043
DTM*999*20140811
RMR*AA*K0742520140813*PI*14.45*14.45*0
REF*PO*0020140813
REF*ST*07425
REF*DP*043
DTM*999*20140812
RMR*AA*K0742520140814*PI*23.4*23.4*0
REF*PO*0020140814
REF*ST*07425
REF*DP*043
DTM*999*20140813
RMR*AA*K0742520140815*PI*79.52*79.52*0
REF*PO*0020140815
REF*ST*07425
REF*DP*043
DTM*999*20140814
RMR*AA*K0742520140816*PI*76*76*0
REF*PO*0020140816
REF*ST*07425
REF*DP*043
DTM*999*20140815
RMR*AA*K0742520140817*PI*40.16*40.16*0
REF*PO*0020140817
REF*ST*07425
REF*DP*043
DTM*999*20140816
RMR*AA*K0754220140812*PI*20*20*0
REF*PO*0020140812
REF*ST*07542
REF*DP*043
DTM*999*20140811
RMR*AA*K0754220140813*PI*5.64*5.64*0
REF*PO*0020140813
REF*ST*07542
REF*DP*043
DTM*999*20140812
RMR*AA*K0754220140814*PI*1.6*1.6*0
REF*PO*0020140814
REF*ST*07542
REF*DP*043
DTM*999*20140813
RMR*AA*K0762420140811*PI*6.93*6.93*0
REF*PO*0020140811
REF*ST*07624
REF*DP*043
DTM*999*20140810
RMR*AA*K0762420140812*PI*2.4*2.4*0
REF*PO*0020140812
REF*ST*07624
REF*DP*043
DTM*999*20140811
RMR*AA*K0762420140814*PI*14.4*14.4*0
REF*PO*0020140814
REF*ST*07624
REF*DP*043
DTM*999*20140813
RMR*AA*K0762420140815*PI*12*12*0
REF*PO*0020140815
REF*ST*07624
REF*DP*043
DTM*999*20140814
RMR*AA*K0907420140811*PI*15.59*15.59*0
REF*PO*0020140811
REF*ST*09074
REF*DP*043
DTM*999*20140810
RMR*AA*K0922520140814*PI*4.8*4.8*0
REF*PO*0020140814
REF*ST*09225
REF*DP*043
DTM*999*20140813
RMR*AA*K0922520140817*PI*4*4*0
REF*PO*0020140817
REF*ST*09225
REF*DP*043
DTM*999*20140816
RMR*AA*K0924120140812*PI*3.6*3.6*0
REF*PO*0020140812
REF*ST*09241
REF*DP*043
DTM*999*20140811
RMR*AA*K0924120140813*PI*5.6*5.6*0
REF*PO*0020140813
REF*ST*09241
REF*DP*043
DTM*999*20140812
RMR*AA*K0924120140814*PI*4.8*4.8*0
REF*PO*0020140814
REF*ST*09241
REF*DP*043
DTM*999*20140813
RMR*AA*K0924120140815*PI*1.6*1.6*0
REF*PO*0020140815
REF*ST*09241
REF*DP*043
DTM*999*20140814
RMR*AA*K0924120140816*PI*11.2*11.2*0
REF*PO*0020140816
REF*ST*09241
REF*DP*043
DTM*999*20140815
RMR*AA*K0924120140817*PI*11*11*0
REF*PO*0020140817
REF*ST*09241
REF*DP*043
DTM*999*20140816
SE*384*0001
GE*1*17
IEA*1*000000017
