ISA*00*          *00*          *09*006985290EFT   *12*8017317830     *140821*2302*U*00401*000000016*0*P*>
GS*RA*006985290EFT*8017317830*20140821*2302*16*X*004010
ST*820*0001
BPR*I*2679.65*C*ACH*CCP*01*061209756*DA*2079900567397*9008965873**01*124002971*DA*2240005724*20140825*VEN
TRN*3*772749214*9008965873
DTM*097*20140821
N1*PR*SEARS HOLDINGS MANAGEMENT CORP.*1*008965873
N1*PE*PINEAE GREENHOUSES INC*92*00083922393
N1*SE*PINEAE GREENHOUSES INC*92*00083922393
ENT*1
RMR*AA*K0308520140804*PI*3.2*3.2*0
REF*PO*0020140804
REF*ST*03085
REF*DP*043
DTM*999*20140803
RMR*AA*K0308520140805*PI*5.6*5.6*0
REF*PO*0020140805
REF*ST*03085
REF*DP*043
DTM*999*20140804
RMR*AA*K0308520140806*PI*1.6*1.6*0
REF*PO*0020140806
REF*ST*03085
REF*DP*043
DTM*999*20140805
RMR*AA*K0308520140807*PI*2.4*2.4*0
REF*PO*0020140807
REF*ST*03085
REF*DP*043
DTM*999*20140806
RMR*AA*K0308520140808*PI*.8*.8*0
REF*PO*0020140808
REF*ST*03085
REF*DP*043
DTM*999*20140807
RMR*AA*K0308520140809*PI*4*4*0
REF*PO*0020140809
REF*ST*03085
REF*DP*043
DTM*999*20140808
RMR*AA*K0308520140810*PI*2.4*2.4*0
REF*PO*0020140810
REF*ST*03085
REF*DP*043
DTM*999*20140809
RMR*AA*K0364420140804*PI*12*12*0
REF*PO*0020140804
REF*ST*03644
REF*DP*043
DTM*999*20140803
RMR*AA*K0364420140806*PI*2.4*2.4*0
REF*PO*0020140806
REF*ST*03644
REF*DP*043
DTM*999*20140805
RMR*AA*K0364420140808*PI*14.4*14.4*0
REF*PO*0020140808
REF*ST*03644
REF*DP*043
DTM*999*20140807
RMR*AA*K0364420140809*PI*4.8*4.8*0
REF*PO*0020140809
REF*ST*03644
REF*DP*043
DTM*999*20140808
RMR*AA*K0389120140804*PI*55.52*55.52*0
REF*PO*0020140804
REF*ST*03891
REF*DP*043
DTM*999*20140803
RMR*AA*K0389120140805*PI*5.2*5.2*0
REF*PO*0020140805
REF*ST*03891
REF*DP*043
DTM*999*20140804
RMR*AA*K0389120140806*PI*2.4*2.4*0
REF*PO*0020140806
REF*ST*03891
REF*DP*043
DTM*999*20140805
RMR*AA*K0389120140807*PI*1.88*1.88*0
REF*PO*0020140807
REF*ST*03891
REF*DP*043
DTM*999*20140806
RMR*AA*K0389120140808*PI*38.78*38.78*0
REF*PO*0020140808
REF*ST*03891
REF*DP*043
DTM*999*20140807
RMR*AA*K0389120140809*PI*11.2*11.2*0
REF*PO*0020140809
REF*ST*03891
REF*DP*043
DTM*999*20140808
RMR*AA*K0389120140810*PI*76.4*76.4*0
REF*PO*0020140810
REF*ST*03891
REF*DP*043
DTM*999*20140809
RMR*AA*K0415920140804*PI*12*12*0
REF*PO*0020140804
REF*ST*04159
REF*DP*043
DTM*999*20140803
RMR*AA*K0415920140805*PI*8.8*8.8*0
REF*PO*0020140805
REF*ST*04159
REF*DP*043
DTM*999*20140804
RMR*AA*K0415920140806*PI*5.6*5.6*0
REF*PO*0020140806
REF*ST*04159
REF*DP*043
DTM*999*20140805
RMR*AA*K0415920140807*PI*34*34*0
REF*PO*0020140807
REF*ST*04159
REF*DP*043
DTM*999*20140806
RMR*AA*K0415920140808*PI*34*34*0
REF*PO*0020140808
REF*ST*04159
REF*DP*043
DTM*999*20140807
RMR*AA*K0415920140809*PI*8.8*8.8*0
REF*PO*0020140809
REF*ST*04159
REF*DP*043
DTM*999*20140808
RMR*AA*K0415920140810*PI*19.6*19.6*0
REF*PO*0020140810
REF*ST*04159
REF*DP*043
DTM*999*20140809
RMR*AA*K0416220140804*PI*3.2*3.2*0
REF*PO*0020140804
REF*ST*04162
REF*DP*043
DTM*999*20140803
RMR*AA*K0416220140805*PI*1.2*1.2*0
REF*PO*0020140805
REF*ST*04162
REF*DP*043
DTM*999*20140804
RMR*AA*K0416220140806*PI*2.4*2.4*0
REF*PO*0020140806
REF*ST*04162
REF*DP*043
DTM*999*20140805
RMR*AA*K0416220140808*PI*24.75*24.75*0
REF*PO*0020140808
REF*ST*04162
REF*DP*043
DTM*999*20140807
RMR*AA*K0416220140809*PI*2.4*2.4*0
REF*PO*0020140809
REF*ST*04162
REF*DP*043
DTM*999*20140808
RMR*AA*K0416220140810*PI*10.24*10.24*0
REF*PO*0020140810
REF*ST*04162
REF*DP*043
DTM*999*20140809
RMR*AA*K0473620140804*PI*89.21*89.21*0
REF*PO*0020140804
REF*ST*04736
REF*DP*043
DTM*999*20140803
RMR*AA*K0473620140805*PI*37.06*37.06*0
REF*PO*0020140805
REF*ST*04736
REF*DP*043
DTM*999*20140804
RMR*AA*K0473620140806*PI*17.05*17.05*0
REF*PO*0020140806
REF*ST*04736
REF*DP*043
DTM*999*20140805
RMR*AA*K0473620140807*PI*1.6*1.6*0
REF*PO*0020140807
REF*ST*04736
REF*DP*043
DTM*999*20140806
RMR*AA*K0473620140808*PI*15.25*15.25*0
REF*PO*0020140808
REF*ST*04736
REF*DP*043
DTM*999*20140807
RMR*AA*K0473620140809*PI*6.8*6.8*0
REF*PO*0020140809
REF*ST*04736
REF*DP*043
DTM*999*20140808
RMR*AA*K0473620140810*PI*36.92*36.92*0
REF*PO*0020140810
REF*ST*04736
REF*DP*043
DTM*999*20140809
RMR*AA*K0483720140804*PI*34.35*34.35*0
REF*PO*0020140804
REF*ST*04837
REF*DP*043
DTM*999*20140803
RMR*AA*K0483720140805*PI*10.24*10.24*0
REF*PO*0020140805
REF*ST*04837
REF*DP*043
DTM*999*20140804
RMR*AA*K0483720140809*PI*8.88*8.88*0
REF*PO*0020140809
REF*ST*04837
REF*DP*043
DTM*999*20140808
RMR*AA*K0483720140810*PI*23.55*23.55*0
REF*PO*0020140810
REF*ST*04837
REF*DP*043
DTM*999*20140809
RMR*AA*K0486320140804*PI*25.25*25.25*0
REF*PO*0020140804
REF*ST*04863
REF*DP*043
DTM*999*20140803
RMR*AA*K0486320140805*PI*4*4*0
REF*PO*0020140805
REF*ST*04863
REF*DP*043
DTM*999*20140804
RMR*AA*K0486320140806*PI*3.76*3.76*0
REF*PO*0020140806
REF*ST*04863
REF*DP*043
DTM*999*20140805
RMR*AA*K0486320140807*PI*22.49*22.49*0
REF*PO*0020140807
REF*ST*04863
REF*DP*043
DTM*999*20140806
RMR*AA*K0486320140809*PI*21.2*21.2*0
REF*PO*0020140809
REF*ST*04863
REF*DP*043
DTM*999*20140808
RMR*AA*K0486320140810*PI*25.75*25.75*0
REF*PO*0020140810
REF*ST*04863
REF*DP*043
DTM*999*20140809
RMR*AA*K0710720140804*PI*7.2*7.2*0
REF*PO*0020140804
REF*ST*07107
REF*DP*043
DTM*999*20140803
RMR*AA*K0710720140805*PI*3.2*3.2*0
REF*PO*0020140805
REF*ST*07107
REF*DP*043
DTM*999*20140804
RMR*AA*K0710720140808*PI*1.6*1.6*0
REF*PO*0020140808
REF*ST*07107
REF*DP*043
DTM*999*20140807
RMR*AA*K0713920140804*PI*347.97*347.97*0
REF*PO*0020140804
REF*ST*07139
REF*DP*043
DTM*999*20140803
RMR*AA*K0713920140805*PI*299.64*299.64*0
REF*PO*0020140805
REF*ST*07139
REF*DP*043
DTM*999*20140804
RMR*AA*K0713920140806*PI*60.41*60.41*0
REF*PO*0020140806
REF*ST*07139
REF*DP*043
DTM*999*20140805
RMR*AA*K0713920140807*PI*55.72*55.72*0
REF*PO*0020140807
REF*ST*07139
REF*DP*043
DTM*999*20140806
RMR*AA*K0713920140808*PI*406.36*406.36*0
REF*PO*0020140808
REF*ST*07139
REF*DP*043
DTM*999*20140807
RMR*AA*K0713920140809*PI*89*89*0
REF*PO*0020140809
REF*ST*07139
REF*DP*043
DTM*999*20140808
RMR*AA*K0713920140810*PI*208.6*208.6*0
REF*PO*0020140810
REF*ST*07139
REF*DP*043
DTM*999*20140809
RMR*AA*K0742320140804*PI*37.4*37.4*0
REF*PO*0020140804
REF*ST*07423
REF*DP*043
DTM*999*20140803
RMR*AA*K0742320140805*PI*1.6*1.6*0
REF*PO*0020140805
REF*ST*07423
REF*DP*043
DTM*999*20140804
RMR*AA*K0742320140806*PI*1.88*1.88*0
REF*PO*0020140806
REF*ST*07423
REF*DP*043
DTM*999*20140805
RMR*AA*K0742320140809*PI*11.6*11.6*0
REF*PO*0020140809
REF*ST*07423
REF*DP*043
DTM*999*20140808
RMR*AA*K0742520140805*PI*6.4*6.4*0
REF*PO*0020140805
REF*ST*07425
REF*DP*043
DTM*999*20140804
RMR*AA*K0742520140807*PI*33.68*33.68*0
REF*PO*0020140807
REF*ST*07425
REF*DP*043
DTM*999*20140806
RMR*AA*K0742520140808*PI*42.4*42.4*0
REF*PO*0020140808
REF*ST*07425
REF*DP*043
DTM*999*20140807
RMR*AA*K0742520140809*PI*28.24*28.24*0
REF*PO*0020140809
REF*ST*07425
REF*DP*043
DTM*999*20140808
RMR*AA*K0742520140810*PI*3.2*3.2*0
REF*PO*0020140810
REF*ST*07425
REF*DP*043
DTM*999*20140809
RMR*AA*K0742620140804*PI*14.4*14.4*0
REF*PO*0020140804
REF*ST*07426
REF*DP*043
DTM*999*20140803
RMR*AA*K0742620140805*PI*14.88*14.88*0
REF*PO*0020140805
REF*ST*07426
REF*DP*043
DTM*999*20140804
RMR*AA*K0754220140804*PI*4*4*0
REF*PO*0020140804
REF*ST*07542
REF*DP*043
DTM*999*20140803
RMR*AA*K0754220140805*PI*3.2*3.2*0
REF*PO*0020140805
REF*ST*07542
REF*DP*043
DTM*999*20140804
RMR*AA*K0754220140806*PI*4*4*0
REF*PO*0020140806
REF*ST*07542
REF*DP*043
DTM*999*20140805
RMR*AA*K0754220140807*PI*7.48*7.48*0
REF*PO*0020140807
REF*ST*07542
REF*DP*043
DTM*999*20140806
RMR*AA*K0754220140808*PI*4*4*0
REF*PO*0020140808
REF*ST*07542
REF*DP*043
DTM*999*20140807
RMR*AA*K0754220140810*PI*.8*.8*0
REF*PO*0020140810
REF*ST*07542
REF*DP*043
DTM*999*20140809
RMR*AA*K0762420140804*PI*4.8*4.8*0
REF*PO*0020140804
REF*ST*07624
REF*DP*043
DTM*999*20140803
RMR*AA*K0762420140805*PI*9.6*9.6*0
REF*PO*0020140805
REF*ST*07624
REF*DP*043
DTM*999*20140804
RMR*AA*K0762420140806*PI*4.8*4.8*0
REF*PO*0020140806
REF*ST*07624
REF*DP*043
DTM*999*20140805
RMR*AA*K0762420140807*PI*8*8*0
REF*PO*0020140807
REF*ST*07624
REF*DP*043
DTM*999*20140806
RMR*AA*K0762420140810*PI*8.8*8.8*0
REF*PO*0020140810
REF*ST*07624
REF*DP*043
DTM*999*20140809
RMR*AA*K0907420140806*PI*8*8*0
REF*PO*0020140806
REF*ST*09074
REF*DP*043
DTM*999*20140805
RMR*AA*K0924120140804*PI*22.48*22.48*0
REF*PO*0020140804
REF*ST*09241
REF*DP*043
DTM*999*20140803
RMR*AA*K0924120140805*PI*4.8*4.8*0
REF*PO*0020140805
REF*ST*09241
REF*DP*043
DTM*999*20140804
RMR*AA*K0924120140806*PI*34.8*34.8*0
REF*PO*0020140806
REF*ST*09241
REF*DP*043
DTM*999*20140805
RMR*AA*K0924120140807*PI*26*26*0
REF*PO*0020140807
REF*ST*09241
REF*DP*043
DTM*999*20140806
RMR*AA*K0924120140808*PI*2.8*2.8*0
REF*PO*0020140808
REF*ST*09241
REF*DP*043
DTM*999*20140807
RMR*AA*K0924120140809*PI*16.8*16.8*0
REF*PO*0020140809
REF*ST*09241
REF*DP*043
DTM*999*20140808
RMR*AA*K0924120140810*PI*3.2*3.2*0
REF*PO*0020140810
REF*ST*09241
REF*DP*043
DTM*999*20140809
RMR*AA*K0975120140804*PI*7.5*7.5*0
REF*PO*0020140804
REF*ST*09751
REF*DP*043
DTM*999*20140803
RMR*AA*K0975120140805*PI*11.88*11.88*0
REF*PO*0020140805
REF*ST*09751
REF*DP*043
DTM*999*20140804
RMR*AA*K0975120140808*PI*4*4*0
REF*PO*0020140808
REF*ST*09751
REF*DP*043
DTM*999*20140807
RMR*AA*K0979220140804*PI*6.4*6.4*0
REF*PO*0020140804
REF*ST*09792
REF*DP*043
DTM*999*20140803
RMR*AA*K0979220140805*PI*.8*.8*0
REF*PO*0020140805
REF*ST*09792
REF*DP*043
DTM*999*20140804
SE*474*0001
GE*1*16
IEA*1*000000016
