ISA*00*          *00*          *09*006985290EFT   *12*8017317830     *140814*2302*U*00401*000000015*0*P*>
GS*RA*006985290EFT*8017317830*20140814*2302*15*X*004010
ST*820*0001
BPR*I*3810.82*C*ACH*CCP*01*061209756*DA*2079900567397*9008965873**01*124002971*DA*2240005724*20140818*VEN
TRN*3*772741234*9008965873
DTM*097*20140814
N1*PR*SEARS HOLDINGS MANAGEMENT CORP.*1*008965873
N1*PE*PINEAE GREENHOUSES INC*92*00083922393
N1*SE*PINEAE GREENHOUSES INC*92*00083922393
ENT*1
RMR*AA*K0308520140728*PI*33.2*33.2*0
REF*PO*0020140728
REF*ST*03085
REF*DP*043
DTM*999*20140727
RMR*AA*K0308520140729*PI*2.4*2.4*0
REF*PO*0020140729
REF*ST*03085
REF*DP*043
DTM*999*20140728
RMR*AA*K0308520140730*PI*9.6*9.6*0
REF*PO*0020140730
REF*ST*03085
REF*DP*043
DTM*999*20140729
RMR*AA*K0308520140731*PI*4*4*0
REF*PO*0020140731
REF*ST*03085
REF*DP*043
DTM*999*20140730
RMR*AA*K0308520140801*PI*4*4*0
REF*PO*0020140801
REF*ST*03085
REF*DP*043
DTM*999*20140731
RMR*AA*K0308520140803*PI*4.8*4.8*0
REF*PO*0020140803
REF*ST*03085
REF*DP*043
DTM*999*20140802
RMR*AA*K0364420140728*PI*4.8*4.8*0
REF*PO*0020140728
REF*ST*03644
REF*DP*043
DTM*999*20140727
RMR*AA*K0364420140729*PI*2.4*2.4*0
REF*PO*0020140729
REF*ST*03644
REF*DP*043
DTM*999*20140728
RMR*AA*K0364420140730*PI*21.6*21.6*0
REF*PO*0020140730
REF*ST*03644
REF*DP*043
DTM*999*20140729
RMR*AA*K0364420140803*PI*4.8*4.8*0
REF*PO*0020140803
REF*ST*03644
REF*DP*043
DTM*999*20140802
RMR*AA*K0389120140728*PI*71.47*71.47*0
REF*PO*0020140728
REF*ST*03891
REF*DP*043
DTM*999*20140727
RMR*AA*K0389120140729*PI*41.91*41.91*0
REF*PO*0020140729
REF*ST*03891
REF*DP*043
DTM*999*20140728
RMR*AA*K0389120140730*PI*21.51*21.51*0
REF*PO*0020140730
REF*ST*03891
REF*DP*043
DTM*999*20140729
RMR*AA*K0389120140731*PI*20.4*20.4*0
REF*PO*0020140731
REF*ST*03891
REF*DP*043
DTM*999*20140730
RMR*AA*K0389120140801*PI*57.2*57.2*0
REF*PO*0020140801
REF*ST*03891
REF*DP*043
DTM*999*20140731
RMR*AA*K0389120140802*PI*51.21*51.21*0
REF*PO*0020140802
REF*ST*03891
REF*DP*043
DTM*999*20140801
RMR*AA*K0389120140803*PI*65.27*65.27*0
REF*PO*0020140803
REF*ST*03891
REF*DP*043
DTM*999*20140802
RMR*AA*K0415920140728*PI*29.6*29.6*0
REF*PO*0020140728
REF*ST*04159
REF*DP*043
DTM*999*20140727
RMR*AA*K0415920140729*PI*25.6*25.6*0
REF*PO*0020140729
REF*ST*04159
REF*DP*043
DTM*999*20140728
RMR*AA*K0415920140730*PI*9.6*9.6*0
REF*PO*0020140730
REF*ST*04159
REF*DP*043
DTM*999*20140729
RMR*AA*K0415920140731*PI*4.8*4.8*0
REF*PO*0020140731
REF*ST*04159
REF*DP*043
DTM*999*20140730
RMR*AA*K0415920140801*PI*3.2*3.2*0
REF*PO*0020140801
REF*ST*04159
REF*DP*043
DTM*999*20140731
RMR*AA*K0415920140802*PI*17.6*17.6*0
REF*PO*0020140802
REF*ST*04159
REF*DP*043
DTM*999*20140801
RMR*AA*K0415920140803*PI*14.4*14.4*0
REF*PO*0020140803
REF*ST*04159
REF*DP*043
DTM*999*20140802
RMR*AA*K0415920140814*PI*-22.2*-22.2*0
REF*PO*0020140814
REF*ST*04159
REF*DP*043
DTM*999*20140813
RMR*AA*K0416220140728*PI*18.7*18.7*0
REF*PO*0020140728
REF*ST*04162
REF*DP*043
DTM*999*20140727
RMR*AA*K0416220140729*PI*8*8*0
REF*PO*0020140729
REF*ST*04162
REF*DP*043
DTM*999*20140728
RMR*AA*K0416220140730*PI*3.2*3.2*0
REF*PO*0020140730
REF*ST*04162
REF*DP*043
DTM*999*20140729
RMR*AA*K0416220140731*PI*8.25*8.25*0
REF*PO*0020140731
REF*ST*04162
REF*DP*043
DTM*999*20140730
RMR*AA*K0416220140801*PI*7.2*7.2*0
REF*PO*0020140801
REF*ST*04162
REF*DP*043
DTM*999*20140731
RMR*AA*K0416220140802*PI*19*19*0
REF*PO*0020140802
REF*ST*04162
REF*DP*043
DTM*999*20140801
RMR*AA*K0416220140803*PI*6.4*6.4*0
REF*PO*0020140803
REF*ST*04162
REF*DP*043
DTM*999*20140802
RMR*AA*K0473620140728*PI*59.07*59.07*0
REF*PO*0020140728
REF*ST*04736
REF*DP*043
DTM*999*20140727
RMR*AA*K0473620140729*PI*132.58*132.58*0
REF*PO*0020140729
REF*ST*04736
REF*DP*043
DTM*999*20140728
RMR*AA*K0473620140730*PI*72.91*72.91*0
REF*PO*0020140730
REF*ST*04736
REF*DP*043
DTM*999*20140729
RMR*AA*K0473620140731*PI*57.78*57.78*0
REF*PO*0020140731
REF*ST*04736
REF*DP*043
DTM*999*20140730
RMR*AA*K0473620140801*PI*22.35*22.35*0
REF*PO*0020140801
REF*ST*04736
REF*DP*043
DTM*999*20140731
RMR*AA*K0473620140802*PI*79.38*79.38*0
REF*PO*0020140802
REF*ST*04736
REF*DP*043
DTM*999*20140801
RMR*AA*K0473620140803*PI*39.31*39.31*0
REF*PO*0020140803
REF*ST*04736
REF*DP*043
DTM*999*20140802
RMR*AA*K0483720140728*PI*4.8*4.8*0
REF*PO*0020140728
REF*ST*04837
REF*DP*043
DTM*999*20140727
RMR*AA*K0483720140729*PI*4.8*4.8*0
REF*PO*0020140729
REF*ST*04837
REF*DP*043
DTM*999*20140728
RMR*AA*K0483720140731*PI*10.44*10.44*0
REF*PO*0020140731
REF*ST*04837
REF*DP*043
DTM*999*20140730
RMR*AA*K0483720140802*PI*3.2*3.2*0
REF*PO*0020140802
REF*ST*04837
REF*DP*043
DTM*999*20140801
RMR*AA*K0483720140803*PI*2.65*2.65*0
REF*PO*0020140803
REF*ST*04837
REF*DP*043
DTM*999*20140802
RMR*AA*K0486320140728*PI*77.98*77.98*0
REF*PO*0020140728
REF*ST*04863
REF*DP*043
DTM*999*20140727
RMR*AA*K0486320140729*PI*16.86*16.86*0
REF*PO*0020140729
REF*ST*04863
REF*DP*043
DTM*999*20140728
RMR*AA*K0486320140730*PI*13.32*13.32*0
REF*PO*0020140730
REF*ST*04863
REF*DP*043
DTM*999*20140729
RMR*AA*K0486320140731*PI*29.12*29.12*0
REF*PO*0020140731
REF*ST*04863
REF*DP*043
DTM*999*20140730
RMR*AA*K0486320140801*PI*3.64*3.64*0
REF*PO*0020140801
REF*ST*04863
REF*DP*043
DTM*999*20140731
RMR*AA*K0486320140802*PI*15.91*15.91*0
REF*PO*0020140802
REF*ST*04863
REF*DP*043
DTM*999*20140801
RMR*AA*K0486320140803*PI*27.68*27.68*0
REF*PO*0020140803
REF*ST*04863
REF*DP*043
DTM*999*20140802
RMR*AA*K0710720140728*PI*64.4*64.4*0
REF*PO*0020140728
REF*ST*07107
REF*DP*043
DTM*999*20140727
RMR*AA*K0710720140729*PI*26.4*26.4*0
REF*PO*0020140729
REF*ST*07107
REF*DP*043
DTM*999*20140728
RMR*AA*K0710720140731*PI*4.8*4.8*0
REF*PO*0020140731
REF*ST*07107
REF*DP*043
DTM*999*20140730
RMR*AA*K0710720140801*PI*10.4*10.4*0
REF*PO*0020140801
REF*ST*07107
REF*DP*043
DTM*999*20140731
RMR*AA*K0710720140802*PI*25.2*25.2*0
REF*PO*0020140802
REF*ST*07107
REF*DP*043
DTM*999*20140801
RMR*AA*K0710720140803*PI*43*43*0
REF*PO*0020140803
REF*ST*07107
REF*DP*043
DTM*999*20140802
RMR*AA*K0713920140728*PI*135.13*135.13*0
REF*PO*0020140728
REF*ST*07139
REF*DP*043
DTM*999*20140727
RMR*AA*K0713920140729*PI*168.66*168.66*0
REF*PO*0020140729
REF*ST*07139
REF*DP*043
DTM*999*20140728
RMR*AA*K0713920140730*PI*114.77*114.77*0
REF*PO*0020140730
REF*ST*07139
REF*DP*043
DTM*999*20140729
RMR*AA*K0713920140731*PI*159.79*159.79*0
REF*PO*0020140731
REF*ST*07139
REF*DP*043
DTM*999*20140730
RMR*AA*K0713920140801*PI*221.88*221.88*0
REF*PO*0020140801
REF*ST*07139
REF*DP*043
DTM*999*20140731
RMR*AA*K0713920140802*PI*223.66*223.66*0
REF*PO*0020140802
REF*ST*07139
REF*DP*043
DTM*999*20140801
RMR*AA*K0713920140803*PI*261.69*261.69*0
REF*PO*0020140803
REF*ST*07139
REF*DP*043
DTM*999*20140802
RMR*AA*K0742320140728*PI*8.25*8.25*0
REF*PO*0020140728
REF*ST*07423
REF*DP*043
DTM*999*20140727
RMR*AA*K0742320140729*PI*6.2*6.2*0
REF*PO*0020140729
REF*ST*07423
REF*DP*043
DTM*999*20140728
RMR*AA*K0742320140730*PI*3*3*0
REF*PO*0020140730
REF*ST*07423
REF*DP*043
DTM*999*20140729
RMR*AA*K0742320140802*PI*11.91*11.91*0
REF*PO*0020140802
REF*ST*07423
REF*DP*043
DTM*999*20140801
RMR*AA*K0742520140728*PI*9.6*9.6*0
REF*PO*0020140728
REF*ST*07425
REF*DP*043
DTM*999*20140727
RMR*AA*K0742520140729*PI*80.89*80.89*0
REF*PO*0020140729
REF*ST*07425
REF*DP*043
DTM*999*20140728
RMR*AA*K0742520140730*PI*13.36*13.36*0
REF*PO*0020140730
REF*ST*07425
REF*DP*043
DTM*999*20140729
RMR*AA*K0742520140731*PI*2.4*2.4*0
REF*PO*0020140731
REF*ST*07425
REF*DP*043
DTM*999*20140730
RMR*AA*K0742520140802*PI*15.89*15.89*0
REF*PO*0020140802
REF*ST*07425
REF*DP*043
DTM*999*20140801
RMR*AA*K0742520140803*PI*11.12*11.12*0
REF*PO*0020140803
REF*ST*07425
REF*DP*043
DTM*999*20140802
RMR*AA*K0742620140728*PI*78.68*78.68*0
REF*PO*0020140728
REF*ST*07426
REF*DP*043
DTM*999*20140727
RMR*AA*K0742620140729*PI*34.91*34.91*0
REF*PO*0020140729
REF*ST*07426
REF*DP*043
DTM*999*20140728
RMR*AA*K0742620140731*PI*22.4*22.4*0
REF*PO*0020140731
REF*ST*07426
REF*DP*043
DTM*999*20140730
RMR*AA*K0742620140801*PI*12.8*12.8*0
REF*PO*0020140801
REF*ST*07426
REF*DP*043
DTM*999*20140731
RMR*AA*K0742620140802*PI*22.4*22.4*0
REF*PO*0020140802
REF*ST*07426
REF*DP*043
DTM*999*20140801
RMR*AA*K0742620140803*PI*24.4*24.4*0
REF*PO*0020140803
REF*ST*07426
REF*DP*043
DTM*999*20140802
RMR*AA*K0754220140728*PI*5.6*5.6*0
REF*PO*0020140728
REF*ST*07542
REF*DP*043
DTM*999*20140727
RMR*AA*K0754220140729*PI*8*8*0
REF*PO*0020140729
REF*ST*07542
REF*DP*043
DTM*999*20140728
RMR*AA*K0754220140730*PI*1.6*1.6*0
REF*PO*0020140730
REF*ST*07542
REF*DP*043
DTM*999*20140729
RMR*AA*K0754220140731*PI*39.2*39.2*0
REF*PO*0020140731
REF*ST*07542
REF*DP*043
DTM*999*20140730
RMR*AA*K0754220140801*PI*7.2*7.2*0
REF*PO*0020140801
REF*ST*07542
REF*DP*043
DTM*999*20140731
RMR*AA*K0754220140802*PI*14.4*14.4*0
REF*PO*0020140802
REF*ST*07542
REF*DP*043
DTM*999*20140801
RMR*AA*K0761820140728*PI*8.25*8.25*0
REF*PO*0020140728
REF*ST*07618
REF*DP*043
DTM*999*20140727
RMR*AA*K0761820140729*PI*4*4*0
REF*PO*0020140729
REF*ST*07618
REF*DP*043
DTM*999*20140728
RMR*AA*K0761820140730*PI*4*4*0
REF*PO*0020140730
REF*ST*07618
REF*DP*043
DTM*999*20140729
RMR*AA*K0761820140731*PI*4*4*0
REF*PO*0020140731
REF*ST*07618
REF*DP*043
DTM*999*20140730
RMR*AA*K0762420140728*PI*7.2*7.2*0
REF*PO*0020140728
REF*ST*07624
REF*DP*043
DTM*999*20140727
RMR*AA*K0762420140729*PI*47.19*47.19*0
REF*PO*0020140729
REF*ST*07624
REF*DP*043
DTM*999*20140728
RMR*AA*K0762420140801*PI*10.81*10.81*0
REF*PO*0020140801
REF*ST*07624
REF*DP*043
DTM*999*20140731
RMR*AA*K0762420140803*PI*8.8*8.8*0
REF*PO*0020140803
REF*ST*07624
REF*DP*043
DTM*999*20140802
RMR*AA*K0907420140802*PI*4*4*0
REF*PO*0020140802
REF*ST*09074
REF*DP*043
DTM*999*20140801
RMR*AA*K0922520140729*PI*1.6*1.6*0
REF*PO*0020140729
REF*ST*09225
REF*DP*043
DTM*999*20140728
RMR*AA*K0922520140801*PI*38.6*38.6*0
REF*PO*0020140801
REF*ST*09225
REF*DP*043
DTM*999*20140731
RMR*AA*K0922520140803*PI*3.45*3.45*0
REF*PO*0020140803
REF*ST*09225
REF*DP*043
DTM*999*20140802
RMR*AA*K0924120140728*PI*4*4*0
REF*PO*0020140728
REF*ST*09241
REF*DP*043
DTM*999*20140727
RMR*AA*K0924120140729*PI*26*26*0
REF*PO*0020140729
REF*ST*09241
REF*DP*043
DTM*999*20140728
RMR*AA*K0924120140730*PI*8.8*8.8*0
REF*PO*0020140730
REF*ST*09241
REF*DP*043
DTM*999*20140729
RMR*AA*K0924120140731*PI*6.8*6.8*0
REF*PO*0020140731
REF*ST*09241
REF*DP*043
DTM*999*20140730
RMR*AA*K0924120140801*PI*10.4*10.4*0
REF*PO*0020140801
REF*ST*09241
REF*DP*043
DTM*999*20140731
RMR*AA*K0924120140802*PI*32*32*0
REF*PO*0020140802
REF*ST*09241
REF*DP*043
DTM*999*20140801
RMR*AA*K0924120140803*PI*33.6*33.6*0
REF*PO*0020140803
REF*ST*09241
REF*DP*043
DTM*999*20140802
RMR*AA*K0975120140728*PI*95.26*95.26*0
REF*PO*0020140728
REF*ST*09751
REF*DP*043
DTM*999*20140727
RMR*AA*K0975120140729*PI*19.85*19.85*0
REF*PO*0020140729
REF*ST*09751
REF*DP*043
DTM*999*20140728
RMR*AA*K0975120140730*PI*18.54*18.54*0
REF*PO*0020140730
REF*ST*09751
REF*DP*043
DTM*999*20140729
RMR*AA*K0975120140731*PI*51.88*51.88*0
REF*PO*0020140731
REF*ST*09751
REF*DP*043
DTM*999*20140730
RMR*AA*K0975120140801*PI*5.2*5.2*0
REF*PO*0020140801
REF*ST*09751
REF*DP*043
DTM*999*20140731
RMR*AA*K0975120140802*PI*25.48*25.48*0
REF*PO*0020140802
REF*ST*09751
REF*DP*043
DTM*999*20140801
RMR*AA*K0975120140803*PI*13.6*13.6*0
REF*PO*0020140803
REF*ST*09751
REF*DP*043
DTM*999*20140802
RMR*AA*K0979220140728*PI*90.39*90.39*0
REF*PO*0020140728
REF*ST*09792
REF*DP*043
DTM*999*20140727
RMR*AA*K0979220140729*PI*36*36*0
REF*PO*0020140729
REF*ST*09792
REF*DP*043
DTM*999*20140728
RMR*AA*K0979220140730*PI*10.4*10.4*0
REF*PO*0020140730
REF*ST*09792
REF*DP*043
DTM*999*20140729
RMR*AA*K0979220140731*PI*4*4*0
REF*PO*0020140731
REF*ST*09792
REF*DP*043
DTM*999*20140730
RMR*AA*K0979220140801*PI*8.8*8.8*0
REF*PO*0020140801
REF*ST*09792
REF*DP*043
DTM*999*20140731
RMR*AA*K0979220140802*PI*11.2*11.2*0
REF*PO*0020140802
REF*ST*09792
REF*DP*043
DTM*999*20140801
RMR*AA*K0979220140803*PI*15.03*15.03*0
REF*PO*0020140803
REF*ST*09792
REF*DP*043
DTM*999*20140802
SE*604*0001
GE*1*15
IEA*1*000000015
