ISA*00*          *00*          *09*006985290EFT   *12*8017317830     *140807*2303*U*00401*000000014*0*P*>
GS*RA*006985290EFT*8017317830*20140807*2303*14*X*004010
ST*820*0001
BPR*I*8527.3*C*ACH*CCP*01*061209756*DA*2079900567397*9008965873**01*124002971*DA*2240005724*20140811*VEN
TRN*3*772733853*9008965873
DTM*097*20140807
N1*PR*SEARS HOLDINGS MANAGEMENT CORP.*1*008965873
N1*PE*PINEAE GREENHOUSES INC*92*00083922393
N1*SE*PINEAE GREENHOUSES INC*92*00083922393
ENT*1
RMR*AA*K0308520140721*PI*8*8*0
REF*PO*0020140721
REF*ST*03085
REF*DP*043
DTM*999*20140720
RMR*AA*K0308520140722*PI*48*48*0
REF*PO*0020140722
REF*ST*03085
REF*DP*043
DTM*999*20140721
RMR*AA*K0308520140723*PI*53.6*53.6*0
REF*PO*0020140723
REF*ST*03085
REF*DP*043
DTM*999*20140722
RMR*AA*K0308520140725*PI*4*4*0
REF*PO*0020140725
REF*ST*03085
REF*DP*043
DTM*999*20140724
RMR*AA*K0308520140726*PI*22.4*22.4*0
REF*PO*0020140726
REF*ST*03085
REF*DP*043
DTM*999*20140725
RMR*AA*K0308520140727*PI*37.6*37.6*0
REF*PO*0020140727
REF*ST*03085
REF*DP*043
DTM*999*20140726
RMR*AA*K0364420140725*PI*7.2*7.2*0
REF*PO*0020140725
REF*ST*03644
REF*DP*043
DTM*999*20140724
RMR*AA*K0364420140726*PI*24*24*0
REF*PO*0020140726
REF*ST*03644
REF*DP*043
DTM*999*20140725
RMR*AA*K0364420140727*PI*12*12*0
REF*PO*0020140727
REF*ST*03644
REF*DP*043
DTM*999*20140726
RMR*AA*K0389120140721*PI*257.94*257.94*0
REF*PO*0020140721
REF*ST*03891
REF*DP*043
DTM*999*20140720
RMR*AA*K0389120140722*PI*143.36*143.36*0
REF*PO*0020140722
REF*ST*03891
REF*DP*043
DTM*999*20140721
RMR*AA*K0389120140723*PI*62.39*62.39*0
REF*PO*0020140723
REF*ST*03891
REF*DP*043
DTM*999*20140722
RMR*AA*K0389120140724*PI*110.34*110.34*0
REF*PO*0020140724
REF*ST*03891
REF*DP*043
DTM*999*20140723
RMR*AA*K0389120140725*PI*30.63*30.63*0
REF*PO*0020140725
REF*ST*03891
REF*DP*043
DTM*999*20140724
RMR*AA*K0389120140726*PI*42.35*42.35*0
REF*PO*0020140726
REF*ST*03891
REF*DP*043
DTM*999*20140725
RMR*AA*K0389120140727*PI*135.12*135.12*0
REF*PO*0020140727
REF*ST*03891
REF*DP*043
DTM*999*20140726
RMR*AA*K0415920140721*PI*64.28*64.28*0
REF*PO*0020140721
REF*ST*04159
REF*DP*043
DTM*999*20140720
RMR*AA*K0415920140722*PI*36.8*36.8*0
REF*PO*0020140722
REF*ST*04159
REF*DP*043
DTM*999*20140721
RMR*AA*K0415920140723*PI*27.2*27.2*0
REF*PO*0020140723
REF*ST*04159
REF*DP*043
DTM*999*20140722
RMR*AA*K0415920140724*PI*46.95*46.95*0
REF*PO*0020140724
REF*ST*04159
REF*DP*043
DTM*999*20140723
RMR*AA*K0415920140725*PI*12*12*0
REF*PO*0020140725
REF*ST*04159
REF*DP*043
DTM*999*20140724
RMR*AA*K0415920140726*PI*60*60*0
REF*PO*0020140726
REF*ST*04159
REF*DP*043
DTM*999*20140725
RMR*AA*K0415920140727*PI*52*52*0
REF*PO*0020140727
REF*ST*04159
REF*DP*043
DTM*999*20140726
RMR*AA*K0416220140721*PI*20*20*0
REF*PO*0020140721
REF*ST*04162
REF*DP*043
DTM*999*20140720
RMR*AA*K0416220140722*PI*28*28*0
REF*PO*0020140722
REF*ST*04162
REF*DP*043
DTM*999*20140721
RMR*AA*K0416220140723*PI*26.93*26.93*0
REF*PO*0020140723
REF*ST*04162
REF*DP*043
DTM*999*20140722
RMR*AA*K0416220140724*PI*20.5*20.5*0
REF*PO*0020140724
REF*ST*04162
REF*DP*043
DTM*999*20140723
RMR*AA*K0416220140725*PI*2.4*2.4*0
REF*PO*0020140725
REF*ST*04162
REF*DP*043
DTM*999*20140724
RMR*AA*K0416220140727*PI*7.6*7.6*0
REF*PO*0020140727
REF*ST*04162
REF*DP*043
DTM*999*20140726
RMR*AA*K0473620140721*PI*76.63*76.63*0
REF*PO*0020140721
REF*ST*04736
REF*DP*043
DTM*999*20140720
RMR*AA*K0473620140722*PI*58.81*58.81*0
REF*PO*0020140722
REF*ST*04736
REF*DP*043
DTM*999*20140721
RMR*AA*K0473620140723*PI*109.88*109.88*0
REF*PO*0020140723
REF*ST*04736
REF*DP*043
DTM*999*20140722
RMR*AA*K0473620140724*PI*32.8*32.8*0
REF*PO*0020140724
REF*ST*04736
REF*DP*043
DTM*999*20140723
RMR*AA*K0473620140725*PI*16.44*16.44*0
REF*PO*0020140725
REF*ST*04736
REF*DP*043
DTM*999*20140724
RMR*AA*K0473620140726*PI*56.96*56.96*0
REF*PO*0020140726
REF*ST*04736
REF*DP*043
DTM*999*20140725
RMR*AA*K0473620140727*PI*77.04*77.04*0
REF*PO*0020140727
REF*ST*04736
REF*DP*043
DTM*999*20140726
RMR*AA*K0483720140721*PI*105.64*105.64*0
REF*PO*0020140721
REF*ST*04837
REF*DP*043
DTM*999*20140720
RMR*AA*K0483720140722*PI*36.94*36.94*0
REF*PO*0020140722
REF*ST*04837
REF*DP*043
DTM*999*20140721
RMR*AA*K0483720140723*PI*23.91*23.91*0
REF*PO*0020140723
REF*ST*04837
REF*DP*043
DTM*999*20140722
RMR*AA*K0483720140724*PI*98.84*98.84*0
REF*PO*0020140724
REF*ST*04837
REF*DP*043
DTM*999*20140723
RMR*AA*K0483720140725*PI*22.5*22.5*0
REF*PO*0020140725
REF*ST*04837
REF*DP*043
DTM*999*20140724
RMR*AA*K0483720140726*PI*16.81*16.81*0
REF*PO*0020140726
REF*ST*04837
REF*DP*043
DTM*999*20140725
RMR*AA*K0483720140727*PI*35.55*35.55*0
REF*PO*0020140727
REF*ST*04837
REF*DP*043
DTM*999*20140726
RMR*AA*K0486320140721*PI*64.89*64.89*0
REF*PO*0020140721
REF*ST*04863
REF*DP*043
DTM*999*20140720
RMR*AA*K0486320140722*PI*23.61*23.61*0
REF*PO*0020140722
REF*ST*04863
REF*DP*043
DTM*999*20140721
RMR*AA*K0486320140723*PI*86.76*86.76*0
REF*PO*0020140723
REF*ST*04863
REF*DP*043
DTM*999*20140722
RMR*AA*K0486320140724*PI*51.88*51.88*0
REF*PO*0020140724
REF*ST*04863
REF*DP*043
DTM*999*20140723
RMR*AA*K0486320140725*PI*95.67*95.67*0
REF*PO*0020140725
REF*ST*04863
REF*DP*043
DTM*999*20140724
RMR*AA*K0486320140726*PI*50.37*50.37*0
REF*PO*0020140726
REF*ST*04863
REF*DP*043
DTM*999*20140725
RMR*AA*K0486320140727*PI*95.49*95.49*0
REF*PO*0020140727
REF*ST*04863
REF*DP*043
DTM*999*20140726
RMR*AA*K0710720140721*PI*26*26*0
REF*PO*0020140721
REF*ST*07107
REF*DP*043
DTM*999*20140720
RMR*AA*K0710720140722*PI*17.6*17.6*0
REF*PO*0020140722
REF*ST*07107
REF*DP*043
DTM*999*20140721
RMR*AA*K0710720140723*PI*29.2*29.2*0
REF*PO*0020140723
REF*ST*07107
REF*DP*043
DTM*999*20140722
RMR*AA*K0710720140724*PI*2*2*0
REF*PO*0020140724
REF*ST*07107
REF*DP*043
DTM*999*20140723
RMR*AA*K0710720140725*PI*36.04*36.04*0
REF*PO*0020140725
REF*ST*07107
REF*DP*043
DTM*999*20140724
RMR*AA*K0710720140726*PI*14.4*14.4*0
REF*PO*0020140726
REF*ST*07107
REF*DP*043
DTM*999*20140725
RMR*AA*K0710720140727*PI*35.73*35.73*0
REF*PO*0020140727
REF*ST*07107
REF*DP*043
DTM*999*20140726
RMR*AA*K0713920140721*PI*536.28*536.28*0
REF*PO*0020140721
REF*ST*07139
REF*DP*043
DTM*999*20140720
RMR*AA*K0713920140722*PI*383.38*383.38*0
REF*PO*0020140722
REF*ST*07139
REF*DP*043
DTM*999*20140721
RMR*AA*K0713920140723*PI*852.82*852.82*0
REF*PO*0020140723
REF*ST*07139
REF*DP*043
DTM*999*20140722
RMR*AA*K0713920140724*PI*657.99*657.99*0
REF*PO*0020140724
REF*ST*07139
REF*DP*043
DTM*999*20140723
RMR*AA*K0713920140725*PI*108.4*108.4*0
REF*PO*0020140725
REF*ST*07139
REF*DP*043
DTM*999*20140724
RMR*AA*K0713920140726*PI*331.12*331.12*0
REF*PO*0020140726
REF*ST*07139
REF*DP*043
DTM*999*20140725
RMR*AA*K0713920140727*PI*127.52*127.52*0
REF*PO*0020140727
REF*ST*07139
REF*DP*043
DTM*999*20140726
RMR*AA*K0742320140721*PI*8*8*0
REF*PO*0020140721
REF*ST*07423
REF*DP*043
DTM*999*20140720
RMR*AA*K0742320140722*PI*44.64*44.64*0
REF*PO*0020140722
REF*ST*07423
REF*DP*043
DTM*999*20140721
RMR*AA*K0742320140723*PI*38.59*38.59*0
REF*PO*0020140723
REF*ST*07423
REF*DP*043
DTM*999*20140722
RMR*AA*K0742320140724*PI*17.21*17.21*0
REF*PO*0020140724
REF*ST*07423
REF*DP*043
DTM*999*20140723
RMR*AA*K0742320140725*PI*32.56*32.56*0
REF*PO*0020140725
REF*ST*07423
REF*DP*043
DTM*999*20140724
RMR*AA*K0742320140726*PI*59.62*59.62*0
REF*PO*0020140726
REF*ST*07423
REF*DP*043
DTM*999*20140725
RMR*AA*K0742320140727*PI*18*18*0
REF*PO*0020140727
REF*ST*07423
REF*DP*043
DTM*999*20140726
RMR*AA*K0742520140721*PI*18.45*18.45*0
REF*PO*0020140721
REF*ST*07425
REF*DP*043
DTM*999*20140720
RMR*AA*K0742520140722*PI*8*8*0
REF*PO*0020140722
REF*ST*07425
REF*DP*043
DTM*999*20140721
RMR*AA*K0742520140723*PI*5.6*5.6*0
REF*PO*0020140723
REF*ST*07425
REF*DP*043
DTM*999*20140722
RMR*AA*K0742520140724*PI*10.16*10.16*0
REF*PO*0020140724
REF*ST*07425
REF*DP*043
DTM*999*20140723
RMR*AA*K0742520140725*PI*2.4*2.4*0
REF*PO*0020140725
REF*ST*07425
REF*DP*043
DTM*999*20140724
RMR*AA*K0742520140726*PI*31.25*31.25*0
REF*PO*0020140726
REF*ST*07425
REF*DP*043
DTM*999*20140725
RMR*AA*K0742520140727*PI*83.13*83.13*0
REF*PO*0020140727
REF*ST*07425
REF*DP*043
DTM*999*20140726
RMR*AA*K0742620140721*PI*33.32*33.32*0
REF*PO*0020140721
REF*ST*07426
REF*DP*043
DTM*999*20140720
RMR*AA*K0742620140722*PI*95*95*0
REF*PO*0020140722
REF*ST*07426
REF*DP*043
DTM*999*20140721
RMR*AA*K0742620140723*PI*97.12*97.12*0
REF*PO*0020140723
REF*ST*07426
REF*DP*043
DTM*999*20140722
RMR*AA*K0742620140724*PI*115.43*115.43*0
REF*PO*0020140724
REF*ST*07426
REF*DP*043
DTM*999*20140723
RMR*AA*K0742620140725*PI*99.08*99.08*0
REF*PO*0020140725
REF*ST*07426
REF*DP*043
DTM*999*20140724
RMR*AA*K0742620140726*PI*35.63*35.63*0
REF*PO*0020140726
REF*ST*07426
REF*DP*043
DTM*999*20140725
RMR*AA*K0742620140727*PI*65.62*65.62*0
REF*PO*0020140727
REF*ST*07426
REF*DP*043
DTM*999*20140726
RMR*AA*K0754220140721*PI*29.51*29.51*0
REF*PO*0020140721
REF*ST*07542
REF*DP*043
DTM*999*20140720
RMR*AA*K0754220140722*PI*56*56*0
REF*PO*0020140722
REF*ST*07542
REF*DP*043
DTM*999*20140721
RMR*AA*K0754220140723*PI*65.88*65.88*0
REF*PO*0020140723
REF*ST*07542
REF*DP*043
DTM*999*20140722
RMR*AA*K0754220140724*PI*55.45*55.45*0
REF*PO*0020140724
REF*ST*07542
REF*DP*043
DTM*999*20140723
RMR*AA*K0754220140725*PI*8*8*0
REF*PO*0020140725
REF*ST*07542
REF*DP*043
DTM*999*20140724
RMR*AA*K0754220140727*PI*51.2*51.2*0
REF*PO*0020140727
REF*ST*07542
REF*DP*043
DTM*999*20140726
RMR*AA*K0761820140721*PI*1.2*1.2*0
REF*PO*0020140721
REF*ST*07618
REF*DP*043
DTM*999*20140720
RMR*AA*K0761820140722*PI*2.4*2.4*0
REF*PO*0020140722
REF*ST*07618
REF*DP*043
DTM*999*20140721
RMR*AA*K0761820140723*PI*44*44*0
REF*PO*0020140723
REF*ST*07618
REF*DP*043
DTM*999*20140722
RMR*AA*K0761820140724*PI*4*4*0
REF*PO*0020140724
REF*ST*07618
REF*DP*043
DTM*999*20140723
RMR*AA*K0761820140725*PI*52*52*0
REF*PO*0020140725
REF*ST*07618
REF*DP*043
DTM*999*20140724
RMR*AA*K0761820140726*PI*64*64*0
REF*PO*0020140726
REF*ST*07618
REF*DP*043
DTM*999*20140725
RMR*AA*K0761820140727*PI*12*12*0
REF*PO*0020140727
REF*ST*07618
REF*DP*043
DTM*999*20140726
RMR*AA*K0762420140721*PI*.8*.8*0
REF*PO*0020140721
REF*ST*07624
REF*DP*043
DTM*999*20140720
RMR*AA*K0762420140722*PI*41*41*0
REF*PO*0020140722
REF*ST*07624
REF*DP*043
DTM*999*20140721
RMR*AA*K0762420140723*PI*40.6*40.6*0
REF*PO*0020140723
REF*ST*07624
REF*DP*043
DTM*999*20140722
RMR*AA*K0762420140724*PI*56.7*56.7*0
REF*PO*0020140724
REF*ST*07624
REF*DP*043
DTM*999*20140723
RMR*AA*K0762420140725*PI*33.6*33.6*0
REF*PO*0020140725
REF*ST*07624
REF*DP*043
DTM*999*20140724
RMR*AA*K0762420140726*PI*18.4*18.4*0
REF*PO*0020140726
REF*ST*07624
REF*DP*043
DTM*999*20140725
RMR*AA*K0762420140727*PI*18.4*18.4*0
REF*PO*0020140727
REF*ST*07624
REF*DP*043
DTM*999*20140726
RMR*AA*K0907420140721*PI*103.7*103.7*0
REF*PO*0020140721
REF*ST*09074
REF*DP*043
DTM*999*20140720
RMR*AA*K0907420140722*PI*58.8*58.8*0
REF*PO*0020140722
REF*ST*09074
REF*DP*043
DTM*999*20140721
RMR*AA*K0907420140723*PI*42*42*0
REF*PO*0020140723
REF*ST*09074
REF*DP*043
DTM*999*20140722
RMR*AA*K0907420140724*PI*82.2*82.2*0
REF*PO*0020140724
REF*ST*09074
REF*DP*043
DTM*999*20140723
RMR*AA*K0907420140725*PI*9.6*9.6*0
REF*PO*0020140725
REF*ST*09074
REF*DP*043
DTM*999*20140724
RMR*AA*K0907420140726*PI*2.4*2.4*0
REF*PO*0020140726
REF*ST*09074
REF*DP*043
DTM*999*20140725
RMR*AA*K0907420140727*PI*7.2*7.2*0
REF*PO*0020140727
REF*ST*09074
REF*DP*043
DTM*999*20140726
RMR*AA*K0922520140722*PI*8.8*8.8*0
REF*PO*0020140722
REF*ST*09225
REF*DP*043
DTM*999*20140721
RMR*AA*K0922520140725*PI*.8*.8*0
REF*PO*0020140725
REF*ST*09225
REF*DP*043
DTM*999*20140724
RMR*AA*K0924120140721*PI*12*12*0
REF*PO*0020140721
REF*ST*09241
REF*DP*043
DTM*999*20140720
RMR*AA*K0924120140722*PI*16.5*16.5*0
REF*PO*0020140722
REF*ST*09241
REF*DP*043
DTM*999*20140721
RMR*AA*K0924120140723*PI*10.8*10.8*0
REF*PO*0020140723
REF*ST*09241
REF*DP*043
DTM*999*20140722
RMR*AA*K0924120140724*PI*8.28*8.28*0
REF*PO*0020140724
REF*ST*09241
REF*DP*043
DTM*999*20140723
RMR*AA*K0924120140725*PI*4*4*0
REF*PO*0020140725
REF*ST*09241
REF*DP*043
DTM*999*20140724
RMR*AA*K0924120140726*PI*13.6*13.6*0
REF*PO*0020140726
REF*ST*09241
REF*DP*043
DTM*999*20140725
RMR*AA*K0924120140727*PI*24.8*24.8*0
REF*PO*0020140727
REF*ST*09241
REF*DP*043
DTM*999*20140726
RMR*AA*K0975120140721*PI*30*30*0
REF*PO*0020140721
REF*ST*09751
REF*DP*043
DTM*999*20140720
RMR*AA*K0975120140722*PI*40.2*40.2*0
REF*PO*0020140722
REF*ST*09751
REF*DP*043
DTM*999*20140721
RMR*AA*K0975120140723*PI*4.8*4.8*0
REF*PO*0020140723
REF*ST*09751
REF*DP*043
DTM*999*20140722
RMR*AA*K0975120140724*PI*12*12*0
REF*PO*0020140724
REF*ST*09751
REF*DP*043
DTM*999*20140723
RMR*AA*K0975120140725*PI*62.23*62.23*0
REF*PO*0020140725
REF*ST*09751
REF*DP*043
DTM*999*20140724
RMR*AA*K0975120140726*PI*77.33*77.33*0
REF*PO*0020140726
REF*ST*09751
REF*DP*043
DTM*999*20140725
RMR*AA*K0975120140727*PI*23.95*23.95*0
REF*PO*0020140727
REF*ST*09751
REF*DP*043
DTM*999*20140726
RMR*AA*K0979220140721*PI*188.8*188.8*0
REF*PO*0020140721
REF*ST*09792
REF*DP*043
DTM*999*20140720
RMR*AA*K0979220140722*PI*22.28*22.28*0
REF*PO*0020140722
REF*ST*09792
REF*DP*043
DTM*999*20140721
RMR*AA*K0979220140723*PI*102.81*102.81*0
REF*PO*0020140723
REF*ST*09792
REF*DP*043
DTM*999*20140722
RMR*AA*K0979220140724*PI*69*69*0
REF*PO*0020140724
REF*ST*09792
REF*DP*043
DTM*999*20140723
RMR*AA*K0979220140725*PI*94.18*94.18*0
REF*PO*0020140725
REF*ST*09792
REF*DP*043
DTM*999*20140724
RMR*AA*K0979220140726*PI*7.6*7.6*0
REF*PO*0020140726
REF*ST*09792
REF*DP*043
DTM*999*20140725
RMR*AA*K0979220140727*PI*13.2*13.2*0
REF*PO*0020140727
REF*ST*09792
REF*DP*043
DTM*999*20140726
SE*684*0001
GE*1*14
IEA*1*000000014
