ISA*00*          *00*          *09*006985290EFT   *12*8017317830     *140508*2301*U*00401*000000001*0*P*>
GS*RA*006985290EFT*8017317830*20140508*2301*1*X*004010
ST*820*0001
BPR*I*6040.12*C*ACH*CCP*01*061209756*DA*2079900567397*9008965873**01*124002971*DA*2240005724*20140512*VEN
TRN*3*772637775*9008965873
DTM*097*20140508
N1*PR*SEARS HOLDINGS MANAGEMENT CORP.*1*008965873
N1*PE*PINEAE GREENHOUSES INC*92*00083922393
N1*SE*PINEAE GREENHOUSES INC*92*00083922393
ENT*1
RMR*AA*K0308520140421*PI*10.89*10.89*0
REF*PO*0020140421
REF*ST*03085
REF*DP*043
DTM*999*20140420
RMR*AA*K0308520140424*PI*9.01*9.01*0
REF*PO*0020140424
REF*ST*03085
REF*DP*043
DTM*999*20140423
RMR*AA*K0308520140425*PI*13.45*13.45*0
REF*PO*0020140425
REF*ST*03085
REF*DP*043
DTM*999*20140424
RMR*AA*K0308520140426*PI*35.7*35.7*0
REF*PO*0020140426
REF*ST*03085
REF*DP*043
DTM*999*20140425
RMR*AA*K0308520140427*PI*4.88*4.88*0
REF*PO*0020140427
REF*ST*03085
REF*DP*043
DTM*999*20140426
RMR*AA*K0376520140422*PI*20.07*20.07*0
REF*PO*0020140422
REF*ST*03765
REF*DP*043
DTM*999*20140421
RMR*AA*K0376520140423*PI*14.96*14.96*0
REF*PO*0020140423
REF*ST*03765
REF*DP*043
DTM*999*20140422
RMR*AA*K0376520140424*PI*6.32*6.32*0
REF*PO*0020140424
REF*ST*03765
REF*DP*043
DTM*999*20140423
RMR*AA*K0376520140425*PI*34.48*34.48*0
REF*PO*0020140425
REF*ST*03765
REF*DP*043
DTM*999*20140424
RMR*AA*K0376520140426*PI*29.64*29.64*0
REF*PO*0020140426
REF*ST*03765
REF*DP*043
DTM*999*20140425
RMR*AA*K0376520140427*PI*21.81*21.81*0
REF*PO*0020140427
REF*ST*03765
REF*DP*043
DTM*999*20140426
RMR*AA*K0389120140421*PI*84.67*84.67*0
REF*PO*0020140421
REF*ST*03891
REF*DP*043
DTM*999*20140420
RMR*AA*K0389120140422*PI*65.41*65.41*0
REF*PO*0020140422
REF*ST*03891
REF*DP*043
DTM*999*20140421
RMR*AA*K0389120140423*PI*6.72*6.72*0
REF*PO*0020140423
REF*ST*03891
REF*DP*043
DTM*999*20140422
RMR*AA*K0389120140424*PI*21.04*21.04*0
REF*PO*0020140424
REF*ST*03891
REF*DP*043
DTM*999*20140423
RMR*AA*K0389120140425*PI*11.28*11.28*0
REF*PO*0020140425
REF*ST*03891
REF*DP*043
DTM*999*20140424
RMR*AA*K0389120140426*PI*270.23*270.23*0
REF*PO*0020140426
REF*ST*03891
REF*DP*043
DTM*999*20140425
RMR*AA*K0389120140427*PI*247.12*247.12*0
REF*PO*0020140427
REF*ST*03891
REF*DP*043
DTM*999*20140426
RMR*AA*K0415920140421*PI*63.67*63.67*0
REF*PO*0020140421
REF*ST*04159
REF*DP*043
DTM*999*20140420
RMR*AA*K0415920140422*PI*51.86*51.86*0
REF*PO*0020140422
REF*ST*04159
REF*DP*043
DTM*999*20140421
RMR*AA*K0415920140423*PI*17.2*17.2*0
REF*PO*0020140423
REF*ST*04159
REF*DP*043
DTM*999*20140422
RMR*AA*K0415920140424*PI*11.98*11.98*0
REF*PO*0020140424
REF*ST*04159
REF*DP*043
DTM*999*20140423
RMR*AA*K0415920140425*PI*54.49*54.49*0
REF*PO*0020140425
REF*ST*04159
REF*DP*043
DTM*999*20140424
RMR*AA*K0415920140426*PI*24.04*24.04*0
REF*PO*0020140426
REF*ST*04159
REF*DP*043
DTM*999*20140425
RMR*AA*K0415920140427*PI*22.44*22.44*0
REF*PO*0020140427
REF*ST*04159
REF*DP*043
DTM*999*20140426
RMR*AA*K0415920140503*PI*-5.64*-5.64*0
REF*PO*0020140503
REF*ST*04159
REF*DP*043
DTM*999*20140501
RMR*AA*K0416220140421*PI*35.25*35.25*0
REF*PO*0020140421
REF*ST*04162
REF*DP*043
DTM*999*20140420
RMR*AA*K0416220140422*PI*128.93*128.93*0
REF*PO*0020140422
REF*ST*04162
REF*DP*043
DTM*999*20140421
RMR*AA*K0416220140423*PI*18.53*18.53*0
REF*PO*0020140423
REF*ST*04162
REF*DP*043
DTM*999*20140422
RMR*AA*K0416220140424*PI*13.46*13.46*0
REF*PO*0020140424
REF*ST*04162
REF*DP*043
DTM*999*20140423
RMR*AA*K0416220140425*PI*30.72*30.72*0
REF*PO*0020140425
REF*ST*04162
REF*DP*043
DTM*999*20140424
RMR*AA*K0416220140426*PI*83.03*83.03*0
REF*PO*0020140426
REF*ST*04162
REF*DP*043
DTM*999*20140425
RMR*AA*K0416220140427*PI*23.88*23.88*0
REF*PO*0020140427
REF*ST*04162
REF*DP*043
DTM*999*20140426
RMR*AA*K0473620140421*PI*71.2*71.2*0
REF*PO*0020140421
REF*ST*04736
REF*DP*043
DTM*999*20140420
RMR*AA*K0473620140422*PI*192.19*192.19*0
REF*PO*0020140422
REF*ST*04736
REF*DP*043
DTM*999*20140421
RMR*AA*K0473620140423*PI*58.47*58.47*0
REF*PO*0020140423
REF*ST*04736
REF*DP*043
DTM*999*20140422
RMR*AA*K0473620140424*PI*18.81*18.81*0
REF*PO*0020140424
REF*ST*04736
REF*DP*043
DTM*999*20140423
RMR*AA*K0473620140425*PI*12.66*12.66*0
REF*PO*0020140425
REF*ST*04736
REF*DP*043
DTM*999*20140424
RMR*AA*K0473620140426*PI*135.48*135.48*0
REF*PO*0020140426
REF*ST*04736
REF*DP*043
DTM*999*20140425
RMR*AA*K0473620140427*PI*118.96*118.96*0
REF*PO*0020140427
REF*ST*04736
REF*DP*043
DTM*999*20140426
RMR*AA*K0483720140421*PI*19.8*19.8*0
REF*PO*0020140421
REF*ST*04837
REF*DP*043
DTM*999*20140420
RMR*AA*K0483720140423*PI*21.81*21.81*0
REF*PO*0020140423
REF*ST*04837
REF*DP*043
DTM*999*20140422
RMR*AA*K0483720140424*PI*37.29*37.29*0
REF*PO*0020140424
REF*ST*04837
REF*DP*043
DTM*999*20140423
RMR*AA*K0483720140425*PI*32.72*32.72*0
REF*PO*0020140425
REF*ST*04837
REF*DP*043
DTM*999*20140424
RMR*AA*K0483720140426*PI*104.62*104.62*0
REF*PO*0020140426
REF*ST*04837
REF*DP*043
DTM*999*20140425
RMR*AA*K0483720140427*PI*100.8*100.8*0
REF*PO*0020140427
REF*ST*04837
REF*DP*043
DTM*999*20140426
RMR*AA*K0486320140421*PI*15.68*15.68*0
REF*PO*0020140421
REF*ST*04863
REF*DP*043
DTM*999*20140420
RMR*AA*K0486320140422*PI*67.71*67.71*0
REF*PO*0020140422
REF*ST*04863
REF*DP*043
DTM*999*20140421
RMR*AA*K0486320140423*PI*20.52*20.52*0
REF*PO*0020140423
REF*ST*04863
REF*DP*043
DTM*999*20140422
RMR*AA*K0486320140424*PI*32.64*32.64*0
REF*PO*0020140424
REF*ST*04863
REF*DP*043
DTM*999*20140423
RMR*AA*K0486320140425*PI*94.32*94.32*0
REF*PO*0020140425
REF*ST*04863
REF*DP*043
DTM*999*20140424
RMR*AA*K0486320140426*PI*51.58*51.58*0
REF*PO*0020140426
REF*ST*04863
REF*DP*043
DTM*999*20140425
RMR*AA*K0486320140427*PI*33.93*33.93*0
REF*PO*0020140427
REF*ST*04863
REF*DP*043
DTM*999*20140426
RMR*AA*K0710720140422*PI*4.12*4.12*0
REF*PO*0020140422
REF*ST*07107
REF*DP*043
DTM*999*20140421
RMR*AA*K0710720140427*PI*66.94*66.94*0
REF*PO*0020140427
REF*ST*07107
REF*DP*043
DTM*999*20140426
RMR*AA*K0741220140421*PI*54.37*54.37*0
REF*PO*0020140421
REF*ST*07412
REF*DP*043
DTM*999*20140420
RMR*AA*K0741220140422*PI*63.73*63.73*0
REF*PO*0020140422
REF*ST*07412
REF*DP*043
DTM*999*20140421
RMR*AA*K0741220140423*PI*28.52*28.52*0
REF*PO*0020140423
REF*ST*07412
REF*DP*043
DTM*999*20140422
RMR*AA*K0741220140424*PI*2.24*2.24*0
REF*PO*0020140424
REF*ST*07412
REF*DP*043
DTM*999*20140423
RMR*AA*K0741220140425*PI*19.85*19.85*0
REF*PO*0020140425
REF*ST*07412
REF*DP*043
DTM*999*20140424
RMR*AA*K0741220140426*PI*19.45*19.45*0
REF*PO*0020140426
REF*ST*07412
REF*DP*043
DTM*999*20140425
RMR*AA*K0741220140427*PI*8.25*8.25*0
REF*PO*0020140427
REF*ST*07412
REF*DP*043
DTM*999*20140426
RMR*AA*K0742320140422*PI*24.96*24.96*0
REF*PO*0020140422
REF*ST*07423
REF*DP*043
DTM*999*20140421
RMR*AA*K0742320140423*PI*21.53*21.53*0
REF*PO*0020140423
REF*ST*07423
REF*DP*043
DTM*999*20140422
RMR*AA*K0742320140424*PI*8.88*8.88*0
REF*PO*0020140424
REF*ST*07423
REF*DP*043
DTM*999*20140423
RMR*AA*K0742320140425*PI*107.95*107.95*0
REF*PO*0020140425
REF*ST*07423
REF*DP*043
DTM*999*20140424
RMR*AA*K0742320140426*PI*66.44*66.44*0
REF*PO*0020140426
REF*ST*07423
REF*DP*043
DTM*999*20140425
RMR*AA*K0742520140421*PI*29.67*29.67*0
REF*PO*0020140421
REF*ST*07425
REF*DP*043
DTM*999*20140420
RMR*AA*K0742520140422*PI*78.75*78.75*0
REF*PO*0020140422
REF*ST*07425
REF*DP*043
DTM*999*20140421
RMR*AA*K0742520140424*PI*92.07*92.07*0
REF*PO*0020140424
REF*ST*07425
REF*DP*043
DTM*999*20140423
RMR*AA*K0742520140425*PI*23.46*23.46*0
REF*PO*0020140425
REF*ST*07425
REF*DP*043
DTM*999*20140424
RMR*AA*K0742520140426*PI*23.28*23.28*0
REF*PO*0020140426
REF*ST*07425
REF*DP*043
DTM*999*20140425
RMR*AA*K0742620140421*PI*28.87*28.87*0
REF*PO*0020140421
REF*ST*07426
REF*DP*043
DTM*999*20140420
RMR*AA*K0742620140422*PI*12*12*0
REF*PO*0020140422
REF*ST*07426
REF*DP*043
DTM*999*20140421
RMR*AA*K0742620140423*PI*13.16*13.16*0
REF*PO*0020140423
REF*ST*07426
REF*DP*043
DTM*999*20140422
RMR*AA*K0742620140424*PI*4.44*4.44*0
REF*PO*0020140424
REF*ST*07426
REF*DP*043
DTM*999*20140423
RMR*AA*K0742620140425*PI*46.79*46.79*0
REF*PO*0020140425
REF*ST*07426
REF*DP*043
DTM*999*20140424
RMR*AA*K0742620140426*PI*1.88*1.88*0
REF*PO*0020140426
REF*ST*07426
REF*DP*043
DTM*999*20140425
RMR*AA*K0742620140427*PI*11.91*11.91*0
REF*PO*0020140427
REF*ST*07426
REF*DP*043
DTM*999*20140426
RMR*AA*K0754220140421*PI*11.28*11.28*0
REF*PO*0020140421
REF*ST*07542
REF*DP*043
DTM*999*20140420
RMR*AA*K0754220140422*PI*29.68*29.68*0
REF*PO*0020140422
REF*ST*07542
REF*DP*043
DTM*999*20140421
RMR*AA*K0754220140423*PI*36.82*36.82*0
REF*PO*0020140423
REF*ST*07542
REF*DP*043
DTM*999*20140422
RMR*AA*K0754220140424*PI*29.04*29.04*0
REF*PO*0020140424
REF*ST*07542
REF*DP*043
DTM*999*20140423
RMR*AA*K0754220140425*PI*40.33*40.33*0
REF*PO*0020140425
REF*ST*07542
REF*DP*043
DTM*999*20140424
RMR*AA*K0754220140426*PI*33.65*33.65*0
REF*PO*0020140426
REF*ST*07542
REF*DP*043
DTM*999*20140425
RMR*AA*K0754220140427*PI*45.87*45.87*0
REF*PO*0020140427
REF*ST*07542
REF*DP*043
DTM*999*20140426
RMR*AA*K0761820140421*PI*12.69*12.69*0
REF*PO*0020140421
REF*ST*07618
REF*DP*043
DTM*999*20140420
RMR*AA*K0761820140422*PI*92.59*92.59*0
REF*PO*0020140422
REF*ST*07618
REF*DP*043
DTM*999*20140421
RMR*AA*K0761820140423*PI*46.31*46.31*0
REF*PO*0020140423
REF*ST*07618
REF*DP*043
DTM*999*20140422
RMR*AA*K0761820140424*PI*18.65*18.65*0
REF*PO*0020140424
REF*ST*07618
REF*DP*043
DTM*999*20140423
RMR*AA*K0761820140426*PI*25.56*25.56*0
REF*PO*0020140426
REF*ST*07618
REF*DP*043
DTM*999*20140425
RMR*AA*K0761820140427*PI*18.81*18.81*0
REF*PO*0020140427
REF*ST*07618
REF*DP*043
DTM*999*20140426
RMR*AA*K0762420140421*PI*102.96*102.96*0
REF*PO*0020140421
REF*ST*07624
REF*DP*043
DTM*999*20140420
RMR*AA*K0762420140422*PI*39.04*39.04*0
REF*PO*0020140422
REF*ST*07624
REF*DP*043
DTM*999*20140421
RMR*AA*K0762420140423*PI*44.88*44.88*0
REF*PO*0020140423
REF*ST*07624
REF*DP*043
DTM*999*20140422
RMR*AA*K0762420140424*PI*29.08*29.08*0
REF*PO*0020140424
REF*ST*07624
REF*DP*043
DTM*999*20140423
RMR*AA*K0762420140425*PI*8.2*8.2*0
REF*PO*0020140425
REF*ST*07624
REF*DP*043
DTM*999*20140424
RMR*AA*K0762420140426*PI*59.79*59.79*0
REF*PO*0020140426
REF*ST*07624
REF*DP*043
DTM*999*20140425
RMR*AA*K0762420140427*PI*8.88*8.88*0
REF*PO*0020140427
REF*ST*07624
REF*DP*043
DTM*999*20140426
RMR*AA*K0907420140421*PI*12.4*12.4*0
REF*PO*0020140421
REF*ST*09074
REF*DP*043
DTM*999*20140420
RMR*AA*K0907420140422*PI*30.99*30.99*0
REF*PO*0020140422
REF*ST*09074
REF*DP*043
DTM*999*20140421
RMR*AA*K0907420140423*PI*18.66*18.66*0
REF*PO*0020140423
REF*ST*09074
REF*DP*043
DTM*999*20140422
RMR*AA*K0907420140424*PI*58.38*58.38*0
REF*PO*0020140424
REF*ST*09074
REF*DP*043
DTM*999*20140423
RMR*AA*K0907420140425*PI*218.57*218.57*0
REF*PO*0020140425
REF*ST*09074
REF*DP*043
DTM*999*20140424
RMR*AA*K0907420140426*PI*95.3*95.3*0
REF*PO*0020140426
REF*ST*09074
REF*DP*043
DTM*999*20140425
RMR*AA*K0907420140427*PI*87.58*87.58*0
REF*PO*0020140427
REF*ST*09074
REF*DP*043
DTM*999*20140426
RMR*AA*K0922520140421*PI*56.43*56.43*0
REF*PO*0020140421
REF*ST*09225
REF*DP*043
DTM*999*20140420
RMR*AA*K0922520140422*PI*68.23*68.23*0
REF*PO*0020140422
REF*ST*09225
REF*DP*043
DTM*999*20140421
RMR*AA*K0922520140423*PI*27.99*27.99*0
REF*PO*0020140423
REF*ST*09225
REF*DP*043
DTM*999*20140422
RMR*AA*K0922520140424*PI*6.36*6.36*0
REF*PO*0020140424
REF*ST*09225
REF*DP*043
DTM*999*20140423
RMR*AA*K0922520140425*PI*74.84*74.84*0
REF*PO*0020140425
REF*ST*09225
REF*DP*043
DTM*999*20140424
RMR*AA*K0922520140426*PI*32.91*32.91*0
REF*PO*0020140426
REF*ST*09225
REF*DP*043
DTM*999*20140425
RMR*AA*K0922520140427*PI*50.56*50.56*0
REF*PO*0020140427
REF*ST*09225
REF*DP*043
DTM*999*20140426
RMR*AA*K0924120140421*PI*4.12*4.12*0
REF*PO*0020140421
REF*ST*09241
REF*DP*043
DTM*999*20140420
RMR*AA*K0924120140422*PI*15.25*15.25*0
REF*PO*0020140422
REF*ST*09241
REF*DP*043
DTM*999*20140421
RMR*AA*K0924120140423*PI*4.44*4.44*0
REF*PO*0020140423
REF*ST*09241
REF*DP*043
DTM*999*20140422
RMR*AA*K0924120140424*PI*6.32*6.32*0
REF*PO*0020140424
REF*ST*09241
REF*DP*043
DTM*999*20140423
RMR*AA*K0924120140425*PI*10.08*10.08*0
REF*PO*0020140425
REF*ST*09241
REF*DP*043
DTM*999*20140424
RMR*AA*K0924120140426*PI*38.15*38.15*0
REF*PO*0020140426
REF*ST*09241
REF*DP*043
DTM*999*20140425
RMR*AA*K0924120140427*PI*13.79*13.79*0
REF*PO*0020140427
REF*ST*09241
REF*DP*043
DTM*999*20140426
RMR*AA*K0975120140421*PI*24.96*24.96*0
REF*PO*0020140421
REF*ST*09751
REF*DP*043
DTM*999*20140420
RMR*AA*K0975120140422*PI*30.57*30.57*0
REF*PO*0020140422
REF*ST*09751
REF*DP*043
DTM*999*20140421
RMR*AA*K0975120140423*PI*18.36*18.36*0
REF*PO*0020140423
REF*ST*09751
REF*DP*043
DTM*999*20140422
RMR*AA*K0975120140424*PI*5.6*5.6*0
REF*PO*0020140424
REF*ST*09751
REF*DP*043
DTM*999*20140423
RMR*AA*K0975120140425*PI*12.4*12.4*0
REF*PO*0020140425
REF*ST*09751
REF*DP*043
DTM*999*20140424
RMR*AA*K0975120140426*PI*332.36*332.36*0
REF*PO*0020140426
REF*ST*09751
REF*DP*043
DTM*999*20140425
RMR*AA*K0975120140427*PI*63.78*63.78*0
REF*PO*0020140427
REF*ST*09751
REF*DP*043
DTM*999*20140426
RMR*AA*K0979220140421*PI*53.22*53.22*0
REF*PO*0020140421
REF*ST*09792
REF*DP*043
DTM*999*20140420
RMR*AA*K0979220140422*PI*44.76*44.76*0
REF*PO*0020140422
REF*ST*09792
REF*DP*043
DTM*999*20140421
RMR*AA*K0979220140423*PI*43.15*43.15*0
REF*PO*0020140423
REF*ST*09792
REF*DP*043
DTM*999*20140422
RMR*AA*K0979220140424*PI*22.76*22.76*0
REF*PO*0020140424
REF*ST*09792
REF*DP*043
DTM*999*20140423
RMR*AA*K0979220140425*PI*22.32*22.32*0
REF*PO*0020140425
REF*ST*09792
REF*DP*043
DTM*999*20140424
RMR*AA*K0979220140426*PI*86.12*86.12*0
REF*PO*0020140426
REF*ST*09792
REF*DP*043
DTM*999*20140425
RMR*AA*K0979220140427*PI*28.08*28.08*0
REF*PO*0020140427
REF*ST*09792
REF*DP*043
DTM*999*20140426
SE*679*0001
GE*1*1
IEA*1*000000001
