ISA*00*          *00*          *09*006985290EFT   *12*6154525825     *101105*2303*U*00400*001000240*0*P*>
GS*RA*006985290EFT*6154525825*20101105*2303*1000240*X*004010
ST*820*0001
BPR*I*16109.31*C*ACH*CCP*01*061209756*DA*2079900567397*9008965873**01*064102601*DA*3000289*20101109*VEN
TRN*3*771569636*9008965873
DTM*097*20101105
N1*PR*SEARS HOLDINGS MANAGEMENT CORP.*1*008965873
N1*PE*YOUNGS FARMS*92*00069099588
N1*SE*YOUNGS FARMS*92*00069099588
ENT*1
RMR*IK*302220101008*PI*7.7*7.7*0
REF*PO*0020101008
REF*ST*03022
REF*DP*043
DTM*999*20101007
RMR*IK*302220101009*PI*24.3*24.3*0
REF*PO*0020101009
REF*ST*03022
REF*DP*043
DTM*999*20101008
RMR*IK*302220101010*PI*21.2*21.2*0
REF*PO*0020101010
REF*ST*03022
REF*DP*043
DTM*999*20101009
RMR*IK*302220101011*PI*10.8*10.8*0
REF*PO*0020101011
REF*ST*03022
REF*DP*043
DTM*999*20101010
RMR*IK*302220101012*PI*16.2*16.2*0
REF*PO*0020101012
REF*ST*03022
REF*DP*043
DTM*999*20101011
RMR*IK*302220101013*PI*22*22*0
REF*PO*0020101013
REF*ST*03022
REF*DP*043
DTM*999*20101012
RMR*IK*302220101014*PI*12.8*12.8*0
REF*PO*0020101014
REF*ST*03022
REF*DP*043
DTM*999*20101013
RMR*IK*306320101008*PI*10.5*10.5*0
REF*PO*0020101008
REF*ST*03063
REF*DP*043
DTM*999*20101007
RMR*IK*306320101009*PI*4.2*4.2*0
REF*PO*0020101009
REF*ST*03063
REF*DP*043
DTM*999*20101008
RMR*IK*306320101010*PI*2.7*2.7*0
REF*PO*0020101010
REF*ST*03063
REF*DP*043
DTM*999*20101009
RMR*IK*306320101012*PI*8.1*8.1*0
REF*PO*0020101012
REF*ST*03063
REF*DP*043
DTM*999*20101011
RMR*IK*306320101014*PI*10.8*10.8*0
REF*PO*0020101014
REF*ST*03063
REF*DP*043
DTM*999*20101013
RMR*IK*308320101008*PI*56.7*56.7*0
REF*PO*0020101008
REF*ST*03083
REF*DP*043
DTM*999*20101007
RMR*IK*308320101009*PI*37.8*37.8*0
REF*PO*0020101009
REF*ST*03083
REF*DP*043
DTM*999*20101008
RMR*IK*308320101010*PI*132.95*132.95*0
REF*PO*0020101010
REF*ST*03083
REF*DP*043
DTM*999*20101009
RMR*IK*308320101011*PI*29.7*29.7*0
REF*PO*0020101011
REF*ST*03083
REF*DP*043
DTM*999*20101010
RMR*IK*308320101012*PI*29.7*29.7*0
REF*PO*0020101012
REF*ST*03083
REF*DP*043
DTM*999*20101011
RMR*IK*308320101013*PI*37.8*37.8*0
REF*PO*0020101013
REF*ST*03083
REF*DP*043
DTM*999*20101012
RMR*IK*308320101014*PI*54*54*0
REF*PO*0020101014
REF*ST*03083
REF*DP*043
DTM*999*20101013
RMR*IK*308420101008*PI*51.5*51.5*0
REF*PO*0020101008
REF*ST*03084
REF*DP*043
DTM*999*20101007
RMR*IK*308420101009*PI*56.85*56.85*0
REF*PO*0020101009
REF*ST*03084
REF*DP*043
DTM*999*20101008
RMR*IK*308420101010*PI*40.8*40.8*0
REF*PO*0020101010
REF*ST*03084
REF*DP*043
DTM*999*20101009
RMR*IK*308420101011*PI*30*30*0
REF*PO*0020101011
REF*ST*03084
REF*DP*043
DTM*999*20101010
RMR*IK*308420101012*PI*21.55*21.55*0
REF*PO*0020101012
REF*ST*03084
REF*DP*043
DTM*999*20101011
RMR*IK*308420101013*PI*34.65*34.65*0
REF*PO*0020101013
REF*ST*03084
REF*DP*043
DTM*999*20101012
RMR*IK*308420101014*PI*24.6*24.6*0
REF*PO*0020101014
REF*ST*03084
REF*DP*043
DTM*999*20101013
RMR*IK*310320101008*PI*14.85*14.85*0
REF*PO*0020101008
REF*ST*03103
REF*DP*043
DTM*999*20101007
RMR*IK*310320101009*PI*23.33*23.33*0
REF*PO*0020101009
REF*ST*03103
REF*DP*043
DTM*999*20101008
RMR*IK*310320101010*PI*29.14*29.14*0
REF*PO*0020101010
REF*ST*03103
REF*DP*043
DTM*999*20101009
RMR*IK*310320101011*PI*25.65*25.65*0
REF*PO*0020101011
REF*ST*03103
REF*DP*043
DTM*999*20101010
RMR*IK*310320101012*PI*13.5*13.5*0
REF*PO*0020101012
REF*ST*03103
REF*DP*043
DTM*999*20101011
RMR*IK*310320101013*PI*41.85*41.85*0
REF*PO*0020101013
REF*ST*03103
REF*DP*043
DTM*999*20101012
RMR*IK*310320101014*PI*5.4*5.4*0
REF*PO*0020101014
REF*ST*03103
REF*DP*043
DTM*999*20101013
RMR*IK*314320101008*PI*18.9*18.9*0
REF*PO*0020101008
REF*ST*03143
REF*DP*043
DTM*999*20101007
RMR*IK*314320101009*PI*31.65*31.65*0
REF*PO*0020101009
REF*ST*03143
REF*DP*043
DTM*999*20101008
RMR*IK*314320101010*PI*51.25*51.25*0
REF*PO*0020101010
REF*ST*03143
REF*DP*043
DTM*999*20101009
RMR*IK*314320101011*PI*15*15*0
REF*PO*0020101011
REF*ST*03143
REF*DP*043
DTM*999*20101010
RMR*IK*314320101012*PI*36.6*36.6*0
REF*PO*0020101012
REF*ST*03143
REF*DP*043
DTM*999*20101011
RMR*IK*314320101013*PI*32*32*0
REF*PO*0020101013
REF*ST*03143
REF*DP*043
DTM*999*20101012
RMR*IK*314320101014*PI*43.5*43.5*0
REF*PO*0020101014
REF*ST*03143
REF*DP*043
DTM*999*20101013
RMR*IK*319420101008*PI*2.7*2.7*0
REF*PO*0020101008
REF*ST*03194
REF*DP*043
DTM*999*20101007
RMR*IK*319420101009*PI*10.5*10.5*0
REF*PO*0020101009
REF*ST*03194
REF*DP*043
DTM*999*20101008
RMR*IK*319420101011*PI*2.7*2.7*0
REF*PO*0020101011
REF*ST*03194
REF*DP*043
DTM*999*20101010
RMR*IK*319420101012*PI*2.7*2.7*0
REF*PO*0020101012
REF*ST*03194
REF*DP*043
DTM*999*20101011
RMR*IK*319420101013*PI*10.8*10.8*0
REF*PO*0020101013
REF*ST*03194
REF*DP*043
DTM*999*20101012
RMR*IK*319420101014*PI*9.45*9.45*0
REF*PO*0020101014
REF*ST*03194
REF*DP*043
DTM*999*20101013
RMR*IK*323020101008*PI*11.4*11.4*0
REF*PO*0020101008
REF*ST*03230
REF*DP*043
DTM*999*20101007
RMR*IK*323020101009*PI*12.3*12.3*0
REF*PO*0020101009
REF*ST*03230
REF*DP*043
DTM*999*20101008
RMR*IK*323020101010*PI*6*6*0
REF*PO*0020101010
REF*ST*03230
REF*DP*043
DTM*999*20101009
RMR*IK*323020101011*PI*7.75*7.75*0
REF*PO*0020101011
REF*ST*03230
REF*DP*043
DTM*999*20101010
RMR*IK*323020101012*PI*4.2*4.2*0
REF*PO*0020101012
REF*ST*03230
REF*DP*043
DTM*999*20101011
RMR*IK*323020101013*PI*1.5*1.5*0
REF*PO*0020101013
REF*ST*03230
REF*DP*043
DTM*999*20101012
RMR*IK*323020101014*PI*1.5*1.5*0
REF*PO*0020101014
REF*ST*03230
REF*DP*043
DTM*999*20101013
RMR*IK*325320101008*PI*14.64*14.64*0
REF*PO*0020101008
REF*ST*03253
REF*DP*043
DTM*999*20101007
RMR*IK*325320101009*PI*8.72*8.72*0
REF*PO*0020101009
REF*ST*03253
REF*DP*043
DTM*999*20101008
RMR*IK*325320101010*PI*35.13*35.13*0
REF*PO*0020101010
REF*ST*03253
REF*DP*043
DTM*999*20101009
RMR*IK*325320101011*PI*18.9*18.9*0
REF*PO*0020101011
REF*ST*03253
REF*DP*043
DTM*999*20101010
RMR*IK*325320101012*PI*32.85*32.85*0
REF*PO*0020101012
REF*ST*03253
REF*DP*043
DTM*999*20101011
RMR*IK*325320101013*PI*4.05*4.05*0
REF*PO*0020101013
REF*ST*03253
REF*DP*043
DTM*999*20101012
RMR*IK*325320101014*PI*32.68*32.68*0
REF*PO*0020101014
REF*ST*03253
REF*DP*043
DTM*999*20101013
RMR*IK*328920101011*PI*.39*.39*0
REF*PO*0020101011
REF*ST*03289
REF*DP*043
DTM*999*20101010
RMR*IK*335920101008*PI*8.1*8.1*0
REF*PO*0020101008
REF*ST*03359
REF*DP*043
DTM*999*20101007
RMR*IK*335920101009*PI*6.75*6.75*0
REF*PO*0020101009
REF*ST*03359
REF*DP*043
DTM*999*20101008
RMR*IK*335920101010*PI*13.45*13.45*0
REF*PO*0020101010
REF*ST*03359
REF*DP*043
DTM*999*20101009
RMR*IK*335920101011*PI*2.7*2.7*0
REF*PO*0020101011
REF*ST*03359
REF*DP*043
DTM*999*20101010
RMR*IK*335920101013*PI*16.2*16.2*0
REF*PO*0020101013
REF*ST*03359
REF*DP*043
DTM*999*20101012
RMR*IK*335920101014*PI*20.4*20.4*0
REF*PO*0020101014
REF*ST*03359
REF*DP*043
DTM*999*20101013
RMR*IK*342820101008*PI*32.4*32.4*0
REF*PO*0020101008
REF*ST*03428
REF*DP*043
DTM*999*20101007
RMR*IK*342820101009*PI*39.15*39.15*0
REF*PO*0020101009
REF*ST*03428
REF*DP*043
DTM*999*20101008
RMR*IK*342820101010*PI*20.25*20.25*0
REF*PO*0020101010
REF*ST*03428
REF*DP*043
DTM*999*20101009
RMR*IK*342820101011*PI*9.45*9.45*0
REF*PO*0020101011
REF*ST*03428
REF*DP*043
DTM*999*20101010
RMR*IK*342820101012*PI*38.11*38.11*0
REF*PO*0020101012
REF*ST*03428
REF*DP*043
DTM*999*20101011
RMR*IK*342820101013*PI*10.8*10.8*0
REF*PO*0020101013
REF*ST*03428
REF*DP*043
DTM*999*20101012
RMR*IK*342820101014*PI*24.3*24.3*0
REF*PO*0020101014
REF*ST*03428
REF*DP*043
DTM*999*20101013
RMR*IK*363220101008*PI*27*27*0
REF*PO*0020101008
REF*ST*03632
REF*DP*043
DTM*999*20101007
RMR*IK*363220101009*PI*32.4*32.4*0
REF*PO*0020101009
REF*ST*03632
REF*DP*043
DTM*999*20101008
RMR*IK*363220101010*PI*31.05*31.05*0
REF*PO*0020101010
REF*ST*03632
REF*DP*043
DTM*999*20101009
RMR*IK*363220101011*PI*41.85*41.85*0
REF*PO*0020101011
REF*ST*03632
REF*DP*043
DTM*999*20101010
RMR*IK*363220101014*PI*20.25*20.25*0
REF*PO*0020101014
REF*ST*03632
REF*DP*043
DTM*999*20101013
RMR*IK*364420101010*PI*22.25*22.25*0
REF*PO*0020101010
REF*ST*03644
REF*DP*043
DTM*999*20101009
RMR*IK*364420101011*PI*13.5*13.5*0
REF*PO*0020101011
REF*ST*03644
REF*DP*043
DTM*999*20101010
RMR*IK*364420101012*PI*13.5*13.5*0
REF*PO*0020101012
REF*ST*03644
REF*DP*043
DTM*999*20101011
RMR*IK*364420101013*PI*16.2*16.2*0
REF*PO*0020101013
REF*ST*03644
REF*DP*043
DTM*999*20101012
RMR*IK*364420101014*PI*8.1*8.1*0
REF*PO*0020101014
REF*ST*03644
REF*DP*043
DTM*999*20101013
RMR*IK*364620101008*PI*85.02*85.02*0
REF*PO*0020101008
REF*ST*03646
REF*DP*043
DTM*999*20101007
RMR*IK*364620101009*PI*82.2*82.2*0
REF*PO*0020101009
REF*ST*03646
REF*DP*043
DTM*999*20101008
RMR*IK*364620101010*PI*143.31*143.31*0
REF*PO*0020101010
REF*ST*03646
REF*DP*043
DTM*999*20101009
RMR*IK*364620101011*PI*51.55*51.55*0
REF*PO*0020101011
REF*ST*03646
REF*DP*043
DTM*999*20101010
RMR*IK*364620101012*PI*21.9*21.9*0
REF*PO*0020101012
REF*ST*03646
REF*DP*043
DTM*999*20101011
RMR*IK*364620101013*PI*35.93*35.93*0
REF*PO*0020101013
REF*ST*03646
REF*DP*043
DTM*999*20101012
RMR*IK*364620101014*PI*36.45*36.45*0
REF*PO*0020101014
REF*ST*03646
REF*DP*043
DTM*999*20101013
RMR*IK*366120101008*PI*9*9*0
REF*PO*0020101008
REF*ST*03661
REF*DP*043
DTM*999*20101007
RMR*IK*366120101009*PI*3.7*3.7*0
REF*PO*0020101009
REF*ST*03661
REF*DP*043
DTM*999*20101008
RMR*IK*366120101010*PI*5.4*5.4*0
REF*PO*0020101010
REF*ST*03661
REF*DP*043
DTM*999*20101009
RMR*IK*366120101014*PI*1.35*1.35*0
REF*PO*0020101014
REF*ST*03661
REF*DP*043
DTM*999*20101013
RMR*IK*367220101009*PI*10.2*10.2*0
REF*PO*0020101009
REF*ST*03672
REF*DP*043
DTM*999*20101008
RMR*IK*367220101011*PI*10.75*10.75*0
REF*PO*0020101011
REF*ST*03672
REF*DP*043
DTM*999*20101010
RMR*IK*367220101013*PI*1.35*1.35*0
REF*PO*0020101013
REF*ST*03672
REF*DP*043
DTM*999*20101012
RMR*IK*368820101008*PI*22.75*22.75*0
REF*PO*0020101008
REF*ST*03688
REF*DP*043
DTM*999*20101007
RMR*IK*368820101009*PI*19.5*19.5*0
REF*PO*0020101009
REF*ST*03688
REF*DP*043
DTM*999*20101008
RMR*IK*368820101010*PI*14.1*14.1*0
REF*PO*0020101010
REF*ST*03688
REF*DP*043
DTM*999*20101009
RMR*IK*368820101011*PI*3*3*0
REF*PO*0020101011
REF*ST*03688
REF*DP*043
DTM*999*20101010
RMR*IK*368820101012*PI*4.2*4.2*0
REF*PO*0020101012
REF*ST*03688
REF*DP*043
DTM*999*20101011
RMR*IK*368820101013*PI*13.65*13.65*0
REF*PO*0020101013
REF*ST*03688
REF*DP*043
DTM*999*20101012
RMR*IK*368820101014*PI*29.15*29.15*0
REF*PO*0020101014
REF*ST*03688
REF*DP*043
DTM*999*20101013
RMR*IK*370320101008*PI*43.2*43.2*0
REF*PO*0020101008
REF*ST*03703
REF*DP*043
DTM*999*20101007
RMR*IK*370320101009*PI*150.45*150.45*0
REF*PO*0020101009
REF*ST*03703
REF*DP*043
DTM*999*20101008
RMR*IK*370320101010*PI*143.3*143.3*0
REF*PO*0020101010
REF*ST*03703
REF*DP*043
DTM*999*20101009
RMR*IK*370320101011*PI*71.15*71.15*0
REF*PO*0020101011
REF*ST*03703
REF*DP*043
DTM*999*20101010
RMR*IK*370320101012*PI*61.05*61.05*0
REF*PO*0020101012
REF*ST*03703
REF*DP*043
DTM*999*20101011
RMR*IK*370320101013*PI*16.2*16.2*0
REF*PO*0020101013
REF*ST*03703
REF*DP*043
DTM*999*20101012
RMR*IK*370320101014*PI*51.05*51.05*0
REF*PO*0020101014
REF*ST*03703
REF*DP*043
DTM*999*20101013
RMR*IK*371320101008*PI*17.4*17.4*0
REF*PO*0020101008
REF*ST*03713
REF*DP*043
DTM*999*20101007
RMR*IK*371320101010*PI*49.75*49.75*0
REF*PO*0020101010
REF*ST*03713
REF*DP*043
DTM*999*20101009
RMR*IK*371320101011*PI*38.45*38.45*0
REF*PO*0020101011
REF*ST*03713
REF*DP*043
DTM*999*20101010
RMR*IK*371320101012*PI*21.45*21.45*0
REF*PO*0020101012
REF*ST*03713
REF*DP*043
DTM*999*20101011
RMR*IK*371320101013*PI*4.05*4.05*0
REF*PO*0020101013
REF*ST*03713
REF*DP*043
DTM*999*20101012
RMR*IK*371320101014*PI*8.1*8.1*0
REF*PO*0020101014
REF*ST*03713
REF*DP*043
DTM*999*20101013
RMR*IK*371520101008*PI*1.35*1.35*0
REF*PO*0020101008
REF*ST*03715
REF*DP*043
DTM*999*20101007
RMR*IK*371520101009*PI*12.15*12.15*0
REF*PO*0020101009
REF*ST*03715
REF*DP*043
DTM*999*20101008
RMR*IK*371520101010*PI*51.3*51.3*0
REF*PO*0020101010
REF*ST*03715
REF*DP*043
DTM*999*20101009
RMR*IK*371520101011*PI*21.6*21.6*0
REF*PO*0020101011
REF*ST*03715
REF*DP*043
DTM*999*20101010
RMR*IK*371520101012*PI*14.85*14.85*0
REF*PO*0020101012
REF*ST*03715
REF*DP*043
DTM*999*20101011
RMR*IK*371520101013*PI*27*27*0
REF*PO*0020101013
REF*ST*03715
REF*DP*043
DTM*999*20101012
RMR*IK*377320101008*PI*2.7*2.7*0
REF*PO*0020101008
REF*ST*03773
REF*DP*043
DTM*999*20101007
RMR*IK*377320101009*PI*2.7*2.7*0
REF*PO*0020101009
REF*ST*03773
REF*DP*043
DTM*999*20101008
RMR*IK*377320101011*PI*1.35*1.35*0
REF*PO*0020101011
REF*ST*03773
REF*DP*043
DTM*999*20101010
RMR*IK*377320101012*PI*11.2*11.2*0
REF*PO*0020101012
REF*ST*03773
REF*DP*043
DTM*999*20101011
RMR*IK*377320101013*PI*5.4*5.4*0
REF*PO*0020101013
REF*ST*03773
REF*DP*043
DTM*999*20101012
RMR*IK*377320101014*PI*68.74*68.74*0
REF*PO*0020101014
REF*ST*03773
REF*DP*043
DTM*999*20101013
RMR*IK*380820101008*PI*18.15*18.15*0
REF*PO*0020101008
REF*ST*03808
REF*DP*043
DTM*999*20101007
RMR*IK*380820101009*PI*66.6*66.6*0
REF*PO*0020101009
REF*ST*03808
REF*DP*043
DTM*999*20101008
RMR*IK*380820101010*PI*51.45*51.45*0
REF*PO*0020101010
REF*ST*03808
REF*DP*043
DTM*999*20101009
RMR*IK*380820101011*PI*16.5*16.5*0
REF*PO*0020101011
REF*ST*03808
REF*DP*043
DTM*999*20101010
RMR*IK*380820101012*PI*26.7*26.7*0
REF*PO*0020101012
REF*ST*03808
REF*DP*043
DTM*999*20101011
RMR*IK*380820101013*PI*28.5*28.5*0
REF*PO*0020101013
REF*ST*03808
REF*DP*043
DTM*999*20101012
RMR*IK*380820101014*PI*19.55*19.55*0
REF*PO*0020101014
REF*ST*03808
REF*DP*043
DTM*999*20101013
RMR*IK*382220101008*PI*22.2*22.2*0
REF*PO*0020101008
REF*ST*03822
REF*DP*043
DTM*999*20101007
RMR*IK*382220101009*PI*26.9*26.9*0
REF*PO*0020101009
REF*ST*03822
REF*DP*043
DTM*999*20101008
RMR*IK*382220101010*PI*31.65*31.65*0
REF*PO*0020101010
REF*ST*03822
REF*DP*043
DTM*999*20101009
RMR*IK*382220101011*PI*18.2*18.2*0
REF*PO*0020101011
REF*ST*03822
REF*DP*043
DTM*999*20101010
RMR*IK*382220101012*PI*4.5*4.5*0
REF*PO*0020101012
REF*ST*03822
REF*DP*043
DTM*999*20101011
RMR*IK*382220101013*PI*24.6*24.6*0
REF*PO*0020101013
REF*ST*03822
REF*DP*043
DTM*999*20101012
RMR*IK*382220101014*PI*22.2*22.2*0
REF*PO*0020101014
REF*ST*03822
REF*DP*043
DTM*999*20101013
RMR*IK*382320101008*PI*1.5*1.5*0
REF*PO*0020101008
REF*ST*03823
REF*DP*043
DTM*999*20101007
RMR*IK*382320101009*PI*5.4*5.4*0
REF*PO*0020101009
REF*ST*03823
REF*DP*043
DTM*999*20101008
RMR*IK*382320101010*PI*2.7*2.7*0
REF*PO*0020101010
REF*ST*03823
REF*DP*043
DTM*999*20101009
RMR*IK*382320101011*PI*8.1*8.1*0
REF*PO*0020101011
REF*ST*03823
REF*DP*043
DTM*999*20101010
RMR*IK*382320101014*PI*5.4*5.4*0
REF*PO*0020101014
REF*ST*03823
REF*DP*043
DTM*999*20101013
RMR*IK*383620101008*PI*8.1*8.1*0
REF*PO*0020101008
REF*ST*03836
REF*DP*043
DTM*999*20101007
RMR*IK*383620101009*PI*27*27*0
REF*PO*0020101009
REF*ST*03836
REF*DP*043
DTM*999*20101008
RMR*IK*383620101010*PI*33.75*33.75*0
REF*PO*0020101010
REF*ST*03836
REF*DP*043
DTM*999*20101009
RMR*IK*383620101011*PI*10.8*10.8*0
REF*PO*0020101011
REF*ST*03836
REF*DP*043
DTM*999*20101010
RMR*IK*383620101012*PI*20.25*20.25*0
REF*PO*0020101012
REF*ST*03836
REF*DP*043
DTM*999*20101011
RMR*IK*383620101013*PI*13.5*13.5*0
REF*PO*0020101013
REF*ST*03836
REF*DP*043
DTM*999*20101012
RMR*IK*383620101014*PI*75.6*75.6*0
REF*PO*0020101014
REF*ST*03836
REF*DP*043
DTM*999*20101013
RMR*IK*384820101008*PI*8.4*8.4*0
REF*PO*0020101008
REF*ST*03848
REF*DP*043
DTM*999*20101007
RMR*IK*384820101009*PI*20.25*20.25*0
REF*PO*0020101009
REF*ST*03848
REF*DP*043
DTM*999*20101008
RMR*IK*384820101010*PI*40.8*40.8*0
REF*PO*0020101010
REF*ST*03848
REF*DP*043
DTM*999*20101009
RMR*IK*384820101011*PI*24.3*24.3*0
REF*PO*0020101011
REF*ST*03848
REF*DP*043
DTM*999*20101010
RMR*IK*384820101012*PI*7.2*7.2*0
REF*PO*0020101012
REF*ST*03848
REF*DP*043
DTM*999*20101011
RMR*IK*384820101013*PI*34.85*34.85*0
REF*PO*0020101013
REF*ST*03848
REF*DP*043
DTM*999*20101012
RMR*IK*384820101014*PI*15.75*15.75*0
REF*PO*0020101014
REF*ST*03848
REF*DP*043
DTM*999*20101013
RMR*IK*385020101008*PI*55.35*55.35*0
REF*PO*0020101008
REF*ST*03850
REF*DP*043
DTM*999*20101007
RMR*IK*385020101009*PI*16.2*16.2*0
REF*PO*0020101009
REF*ST*03850
REF*DP*043
DTM*999*20101008
RMR*IK*385020101010*PI*43.2*43.2*0
REF*PO*0020101010
REF*ST*03850
REF*DP*043
DTM*999*20101009
RMR*IK*385020101011*PI*51.22*51.22*0
REF*PO*0020101011
REF*ST*03850
REF*DP*043
DTM*999*20101010
RMR*IK*385020101012*PI*36.45*36.45*0
REF*PO*0020101012
REF*ST*03850
REF*DP*043
DTM*999*20101011
RMR*IK*385020101013*PI*89.1*89.1*0
REF*PO*0020101013
REF*ST*03850
REF*DP*043
DTM*999*20101012
RMR*IK*385020101014*PI*40.5*40.5*0
REF*PO*0020101014
REF*ST*03850
REF*DP*043
DTM*999*20101013
RMR*IK*385220101008*PI*8.1*8.1*0
REF*PO*0020101008
REF*ST*03852
REF*DP*043
DTM*999*20101007
RMR*IK*385220101009*PI*54*54*0
REF*PO*0020101009
REF*ST*03852
REF*DP*043
DTM*999*20101008
RMR*IK*385220101010*PI*20.4*20.4*0
REF*PO*0020101010
REF*ST*03852
REF*DP*043
DTM*999*20101009
RMR*IK*385220101011*PI*29.7*29.7*0
REF*PO*0020101011
REF*ST*03852
REF*DP*043
DTM*999*20101010
RMR*IK*385220101012*PI*13.8*13.8*0
REF*PO*0020101012
REF*ST*03852
REF*DP*043
DTM*999*20101011
RMR*IK*385220101013*PI*12.15*12.15*0
REF*PO*0020101013
REF*ST*03852
REF*DP*043
DTM*999*20101012
RMR*IK*385220101014*PI*18.9*18.9*0
REF*PO*0020101014
REF*ST*03852
REF*DP*043
DTM*999*20101013
RMR*IK*387620101008*PI*5.4*5.4*0
REF*PO*0020101008
REF*ST*03876
REF*DP*043
DTM*999*20101007
RMR*IK*387620101009*PI*1.35*1.35*0
REF*PO*0020101009
REF*ST*03876
REF*DP*043
DTM*999*20101008
RMR*IK*387620101010*PI*16.2*16.2*0
REF*PO*0020101010
REF*ST*03876
REF*DP*043
DTM*999*20101009
RMR*IK*387620101012*PI*16.2*16.2*0
REF*PO*0020101012
REF*ST*03876
REF*DP*043
DTM*999*20101011
RMR*IK*387620101013*PI*8.1*8.1*0
REF*PO*0020101013
REF*ST*03876
REF*DP*043
DTM*999*20101012
RMR*IK*387620101014*PI*21.6*21.6*0
REF*PO*0020101014
REF*ST*03876
REF*DP*043
DTM*999*20101013
RMR*IK*388620101008*PI*2.7*2.7*0
REF*PO*0020101008
REF*ST*03886
REF*DP*043
DTM*999*20101007
RMR*IK*388620101009*PI*2.7*2.7*0
REF*PO*0020101009
REF*ST*03886
REF*DP*043
DTM*999*20101008
RMR*IK*388620101010*PI*19.13*19.13*0
REF*PO*0020101010
REF*ST*03886
REF*DP*043
DTM*999*20101009
RMR*IK*388620101011*PI*18.9*18.9*0
REF*PO*0020101011
REF*ST*03886
REF*DP*043
DTM*999*20101010
RMR*IK*388620101012*PI*16.5*16.5*0
REF*PO*0020101012
REF*ST*03886
REF*DP*043
DTM*999*20101011
RMR*IK*388620101013*PI*6.9*6.9*0
REF*PO*0020101013
REF*ST*03886
REF*DP*043
DTM*999*20101012
RMR*IK*388620101014*PI*8.1*8.1*0
REF*PO*0020101014
REF*ST*03886
REF*DP*043
DTM*999*20101013
RMR*IK*394120101008*PI*44.5*44.5*0
REF*PO*0020101008
REF*ST*03941
REF*DP*043
DTM*999*20101007
RMR*IK*394120101009*PI*13.8*13.8*0
REF*PO*0020101009
REF*ST*03941
REF*DP*043
DTM*999*20101008
RMR*IK*394120101010*PI*30.45*30.45*0
REF*PO*0020101010
REF*ST*03941
REF*DP*043
DTM*999*20101009
RMR*IK*394120101011*PI*56.7*56.7*0
REF*PO*0020101011
REF*ST*03941
REF*DP*043
DTM*999*20101010
RMR*IK*394120101012*PI*21.75*21.75*0
REF*PO*0020101012
REF*ST*03941
REF*DP*043
DTM*999*20101011
RMR*IK*394120101013*PI*10.8*10.8*0
REF*PO*0020101013
REF*ST*03941
REF*DP*043
DTM*999*20101012
RMR*IK*394120101014*PI*75.2*75.2*0
REF*PO*0020101014
REF*ST*03941
REF*DP*043
DTM*999*20101013
RMR*IK*397820101009*PI*4.2*4.2*0
REF*PO*0020101009
REF*ST*03978
REF*DP*043
DTM*999*20101008
RMR*IK*397820101010*PI*18.9*18.9*0
REF*PO*0020101010
REF*ST*03978
REF*DP*043
DTM*999*20101009
RMR*IK*397820101012*PI*1.35*1.35*0
REF*PO*0020101012
REF*ST*03978
REF*DP*043
DTM*999*20101011
RMR*IK*397820101014*PI*25.3*25.3*0
REF*PO*0020101014
REF*ST*03978
REF*DP*043
DTM*999*20101013
RMR*IK*400620101008*PI*3*3*0
REF*PO*0020101008
REF*ST*04006
REF*DP*043
DTM*999*20101007
RMR*IK*400620101009*PI*45.01*45.01*0
REF*PO*0020101009
REF*ST*04006
REF*DP*043
DTM*999*20101008
RMR*IK*400620101010*PI*35.23*35.23*0
REF*PO*0020101010
REF*ST*04006
REF*DP*043
DTM*999*20101009
RMR*IK*400620101012*PI*18.68*18.68*0
REF*PO*0020101012
REF*ST*04006
REF*DP*043
DTM*999*20101011
RMR*IK*400620101014*PI*1.35*1.35*0
REF*PO*0020101014
REF*ST*04006
REF*DP*043
DTM*999*20101013
RMR*IK*401620101008*PI*17.55*17.55*0
REF*PO*0020101008
REF*ST*04016
REF*DP*043
DTM*999*20101007
RMR*IK*401620101009*PI*35.1*35.1*0
REF*PO*0020101009
REF*ST*04016
REF*DP*043
DTM*999*20101008
RMR*IK*401620101010*PI*16.2*16.2*0
REF*PO*0020101010
REF*ST*04016
REF*DP*043
DTM*999*20101009
RMR*IK*401620101011*PI*18.17*18.17*0
REF*PO*0020101011
REF*ST*04016
REF*DP*043
DTM*999*20101010
RMR*IK*401620101012*PI*32.95*32.95*0
REF*PO*0020101012
REF*ST*04016
REF*DP*043
DTM*999*20101011
RMR*IK*401620101013*PI*29.66*29.66*0
REF*PO*0020101013
REF*ST*04016
REF*DP*043
DTM*999*20101012
RMR*IK*401620101014*PI*36.06*36.06*0
REF*PO*0020101014
REF*ST*04016
REF*DP*043
DTM*999*20101013
RMR*IK*403320101008*PI*10.8*10.8*0
REF*PO*0020101008
REF*ST*04033
REF*DP*043
DTM*999*20101007
RMR*IK*403320101009*PI*10.8*10.8*0
REF*PO*0020101009
REF*ST*04033
REF*DP*043
DTM*999*20101008
RMR*IK*403320101010*PI*24.3*24.3*0
REF*PO*0020101010
REF*ST*04033
REF*DP*043
DTM*999*20101009
RMR*IK*403320101011*PI*2.7*2.7*0
REF*PO*0020101011
REF*ST*04033
REF*DP*043
DTM*999*20101010
RMR*IK*403320101012*PI*8.1*8.1*0
REF*PO*0020101012
REF*ST*04033
REF*DP*043
DTM*999*20101011
RMR*IK*403320101013*PI*28.35*28.35*0
REF*PO*0020101013
REF*ST*04033
REF*DP*043
DTM*999*20101012
RMR*IK*403320101014*PI*20.25*20.25*0
REF*PO*0020101014
REF*ST*04033
REF*DP*043
DTM*999*20101013
RMR*IK*409320101008*PI*92.2*92.2*0
REF*PO*0020101008
REF*ST*04093
REF*DP*043
DTM*999*20101007
RMR*IK*409320101009*PI*33.9*33.9*0
REF*PO*0020101009
REF*ST*04093
REF*DP*043
DTM*999*20101008
RMR*IK*409320101010*PI*32.1*32.1*0
REF*PO*0020101010
REF*ST*04093
REF*DP*043
DTM*999*20101009
RMR*IK*409320101011*PI*49.95*49.95*0
REF*PO*0020101011
REF*ST*04093
REF*DP*043
DTM*999*20101010
RMR*IK*409320101012*PI*33.57*33.57*0
REF*PO*0020101012
REF*ST*04093
REF*DP*043
DTM*999*20101011
RMR*IK*409320101013*PI*18.9*18.9*0
REF*PO*0020101013
REF*ST*04093
REF*DP*043
DTM*999*20101012
RMR*IK*409320101014*PI*82*82*0
REF*PO*0020101014
REF*ST*04093
REF*DP*043
DTM*999*20101013
RMR*IK*410320101008*PI*55.8*55.8*0
REF*PO*0020101008
REF*ST*04103
REF*DP*043
DTM*999*20101007
RMR*IK*410320101009*PI*25.2*25.2*0
REF*PO*0020101009
REF*ST*04103
REF*DP*043
DTM*999*20101008
RMR*IK*410320101010*PI*55.45*55.45*0
REF*PO*0020101010
REF*ST*04103
REF*DP*043
DTM*999*20101009
RMR*IK*410320101011*PI*40.2*40.2*0
REF*PO*0020101011
REF*ST*04103
REF*DP*043
DTM*999*20101010
RMR*IK*410320101012*PI*24.3*24.3*0
REF*PO*0020101012
REF*ST*04103
REF*DP*043
DTM*999*20101011
RMR*IK*410320101013*PI*28.35*28.35*0
REF*PO*0020101013
REF*ST*04103
REF*DP*043
DTM*999*20101012
RMR*IK*410320101014*PI*82.9*82.9*0
REF*PO*0020101014
REF*ST*04103
REF*DP*043
DTM*999*20101013
RMR*IK*411220101008*PI*9.45*9.45*0
REF*PO*0020101008
REF*ST*04112
REF*DP*043
DTM*999*20101007
RMR*IK*411220101009*PI*19.88*19.88*0
REF*PO*0020101009
REF*ST*04112
REF*DP*043
DTM*999*20101008
RMR*IK*411220101011*PI*13.5*13.5*0
REF*PO*0020101011
REF*ST*04112
REF*DP*043
DTM*999*20101010
RMR*IK*411220101012*PI*8.1*8.1*0
REF*PO*0020101012
REF*ST*04112
REF*DP*043
DTM*999*20101011
RMR*IK*411220101013*PI*2.7*2.7*0
REF*PO*0020101013
REF*ST*04112
REF*DP*043
DTM*999*20101012
RMR*IK*411220101014*PI*18.9*18.9*0
REF*PO*0020101014
REF*ST*04112
REF*DP*043
DTM*999*20101013
RMR*IK*413720101008*PI*9.45*9.45*0
REF*PO*0020101008
REF*ST*04137
REF*DP*043
DTM*999*20101007
RMR*IK*413720101009*PI*13.95*13.95*0
REF*PO*0020101009
REF*ST*04137
REF*DP*043
DTM*999*20101008
RMR*IK*413720101010*PI*25.9*25.9*0
REF*PO*0020101010
REF*ST*04137
REF*DP*043
DTM*999*20101009
RMR*IK*413720101011*PI*8.1*8.1*0
REF*PO*0020101011
REF*ST*04137
REF*DP*043
DTM*999*20101010
RMR*IK*413720101012*PI*5.7*5.7*0
REF*PO*0020101012
REF*ST*04137
REF*DP*043
DTM*999*20101011
RMR*IK*413720101013*PI*25.65*25.65*0
REF*PO*0020101013
REF*ST*04137
REF*DP*043
DTM*999*20101012
RMR*IK*413720101014*PI*20.4*20.4*0
REF*PO*0020101014
REF*ST*04137
REF*DP*043
DTM*999*20101013
RMR*IK*419820101008*PI*9.45*9.45*0
REF*PO*0020101008
REF*ST*04198
REF*DP*043
DTM*999*20101007
RMR*IK*419820101009*PI*2.7*2.7*0
REF*PO*0020101009
REF*ST*04198
REF*DP*043
DTM*999*20101008
RMR*IK*419820101010*PI*5.4*5.4*0
REF*PO*0020101010
REF*ST*04198
REF*DP*043
DTM*999*20101009
RMR*IK*419820101011*PI*8.1*8.1*0
REF*PO*0020101011
REF*ST*04198
REF*DP*043
DTM*999*20101010
RMR*IK*419820101014*PI*1.5*1.5*0
REF*PO*0020101014
REF*ST*04198
REF*DP*043
DTM*999*20101013
RMR*IK*420220101008*PI*30.3*30.3*0
REF*PO*0020101008
REF*ST*04202
REF*DP*043
DTM*999*20101007
RMR*IK*420220101009*PI*72.8*72.8*0
REF*PO*0020101009
REF*ST*04202
REF*DP*043
DTM*999*20101008
RMR*IK*420220101010*PI*18.1*18.1*0
REF*PO*0020101010
REF*ST*04202
REF*DP*043
DTM*999*20101009
RMR*IK*420220101011*PI*12.8*12.8*0
REF*PO*0020101011
REF*ST*04202
REF*DP*043
DTM*999*20101010
RMR*IK*420220101013*PI*14.48*14.48*0
REF*PO*0020101013
REF*ST*04202
REF*DP*043
DTM*999*20101012
RMR*IK*420220101014*PI*5.4*5.4*0
REF*PO*0020101014
REF*ST*04202
REF*DP*043
DTM*999*20101013
RMR*IK*423220101008*PI*24.9*24.9*0
REF*PO*0020101008
REF*ST*04232
REF*DP*043
DTM*999*20101007
RMR*IK*423220101009*PI*27.6*27.6*0
REF*PO*0020101009
REF*ST*04232
REF*DP*043
DTM*999*20101008
RMR*IK*423220101010*PI*37.95*37.95*0
REF*PO*0020101010
REF*ST*04232
REF*DP*043
DTM*999*20101009
RMR*IK*423220101011*PI*35.05*35.05*0
REF*PO*0020101011
REF*ST*04232
REF*DP*043
DTM*999*20101010
RMR*IK*423220101012*PI*13.65*13.65*0
REF*PO*0020101012
REF*ST*04232
REF*DP*043
DTM*999*20101011
RMR*IK*423220101013*PI*42*42*0
REF*PO*0020101013
REF*ST*04232
REF*DP*043
DTM*999*20101012
RMR*IK*423220101014*PI*55.35*55.35*0
REF*PO*0020101014
REF*ST*04232
REF*DP*043
DTM*999*20101013
RMR*IK*447520101008*PI*67.5*67.5*0
REF*PO*0020101008
REF*ST*04475
REF*DP*043
DTM*999*20101007
RMR*IK*447520101009*PI*16.2*16.2*0
REF*PO*0020101009
REF*ST*04475
REF*DP*043
DTM*999*20101008
RMR*IK*447520101010*PI*24.3*24.3*0
REF*PO*0020101010
REF*ST*04475
REF*DP*043
DTM*999*20101009
RMR*IK*447520101011*PI*10.8*10.8*0
REF*PO*0020101011
REF*ST*04475
REF*DP*043
DTM*999*20101010
RMR*IK*447520101012*PI*16.2*16.2*0
REF*PO*0020101012
REF*ST*04475
REF*DP*043
DTM*999*20101011
RMR*IK*447520101013*PI*8.1*8.1*0
REF*PO*0020101013
REF*ST*04475
REF*DP*043
DTM*999*20101012
RMR*IK*447520101014*PI*2.7*2.7*0
REF*PO*0020101014
REF*ST*04475
REF*DP*043
DTM*999*20101013
RMR*IK*471720101008*PI*24.3*24.3*0
REF*PO*0020101008
REF*ST*04717
REF*DP*043
DTM*999*20101007
RMR*IK*471720101009*PI*21.6*21.6*0
REF*PO*0020101009
REF*ST*04717
REF*DP*043
DTM*999*20101008
RMR*IK*471720101010*PI*44.55*44.55*0
REF*PO*0020101010
REF*ST*04717
REF*DP*043
DTM*999*20101009
RMR*IK*471720101011*PI*21.6*21.6*0
REF*PO*0020101011
REF*ST*04717
REF*DP*043
DTM*999*20101010
RMR*IK*471720101012*PI*18.9*18.9*0
REF*PO*0020101012
REF*ST*04717
REF*DP*043
DTM*999*20101011
RMR*IK*471720101013*PI*13.5*13.5*0
REF*PO*0020101013
REF*ST*04717
REF*DP*043
DTM*999*20101012
RMR*IK*471720101014*PI*40.5*40.5*0
REF*PO*0020101014
REF*ST*04717
REF*DP*043
DTM*999*20101013
RMR*IK*471920101008*PI*44.15*44.15*0
REF*PO*0020101008
REF*ST*04719
REF*DP*043
DTM*999*20101007
RMR*IK*471920101009*PI*88.1*88.1*0
REF*PO*0020101009
REF*ST*04719
REF*DP*043
DTM*999*20101008
RMR*IK*471920101010*PI*163.55*163.55*0
REF*PO*0020101010
REF*ST*04719
REF*DP*043
DTM*999*20101009
RMR*IK*471920101011*PI*117.35*117.35*0
REF*PO*0020101011
REF*ST*04719
REF*DP*043
DTM*999*20101010
RMR*IK*471920101012*PI*47.85*47.85*0
REF*PO*0020101012
REF*ST*04719
REF*DP*043
DTM*999*20101011
RMR*IK*471920101013*PI*40.3*40.3*0
REF*PO*0020101013
REF*ST*04719
REF*DP*043
DTM*999*20101012
RMR*IK*471920101014*PI*58.3*58.3*0
REF*PO*0020101014
REF*ST*04719
REF*DP*043
DTM*999*20101013
RMR*IK*473920101008*PI*2.7*2.7*0
REF*PO*0020101008
REF*ST*04739
REF*DP*043
DTM*999*20101007
RMR*IK*473920101009*PI*2.7*2.7*0
REF*PO*0020101009
REF*ST*04739
REF*DP*043
DTM*999*20101008
RMR*IK*473920101010*PI*2.7*2.7*0
REF*PO*0020101010
REF*ST*04739
REF*DP*043
DTM*999*20101009
RMR*IK*473920101012*PI*2.1*2.1*0
REF*PO*0020101012
REF*ST*04739
REF*DP*043
DTM*999*20101011
RMR*IK*473920101013*PI*4.36*4.36*0
REF*PO*0020101013
REF*ST*04739
REF*DP*043
DTM*999*20101012
RMR*IK*475720101008*PI*7.58*7.58*0
REF*PO*0020101008
REF*ST*04757
REF*DP*043
DTM*999*20101007
RMR*IK*475720101009*PI*10.8*10.8*0
REF*PO*0020101009
REF*ST*04757
REF*DP*043
DTM*999*20101008
RMR*IK*475720101010*PI*21.08*21.08*0
REF*PO*0020101010
REF*ST*04757
REF*DP*043
DTM*999*20101009
RMR*IK*475720101011*PI*2.18*2.18*0
REF*PO*0020101011
REF*ST*04757
REF*DP*043
DTM*999*20101010
RMR*IK*475720101012*PI*37.8*37.8*0
REF*PO*0020101012
REF*ST*04757
REF*DP*043
DTM*999*20101011
RMR*IK*475720101013*PI*24.3*24.3*0
REF*PO*0020101013
REF*ST*04757
REF*DP*043
DTM*999*20101012
RMR*IK*475720101014*PI*37.07*37.07*0
REF*PO*0020101014
REF*ST*04757
REF*DP*043
DTM*999*20101013
RMR*IK*475820101008*PI*35*35*0
REF*PO*0020101008
REF*ST*04758
REF*DP*043
DTM*999*20101007
RMR*IK*475820101009*PI*52.65*52.65*0
REF*PO*0020101009
REF*ST*04758
REF*DP*043
DTM*999*20101008
RMR*IK*475820101010*PI*27*27*0
REF*PO*0020101010
REF*ST*04758
REF*DP*043
DTM*999*20101009
RMR*IK*475820101011*PI*21.6*21.6*0
REF*PO*0020101011
REF*ST*04758
REF*DP*043
DTM*999*20101010
RMR*IK*475820101012*PI*10.8*10.8*0
REF*PO*0020101012
REF*ST*04758
REF*DP*043
DTM*999*20101011
RMR*IK*475820101013*PI*15*15*0
REF*PO*0020101013
REF*ST*04758
REF*DP*043
DTM*999*20101012
RMR*IK*475820101014*PI*43.2*43.2*0
REF*PO*0020101014
REF*ST*04758
REF*DP*043
DTM*999*20101013
RMR*IK*477720101008*PI*10.8*10.8*0
REF*PO*0020101008
REF*ST*04777
REF*DP*043
DTM*999*20101007
RMR*IK*477720101009*PI*51.15*51.15*0
REF*PO*0020101009
REF*ST*04777
REF*DP*043
DTM*999*20101008
RMR*IK*477720101010*PI*62.4*62.4*0
REF*PO*0020101010
REF*ST*04777
REF*DP*043
DTM*999*20101009
RMR*IK*477720101011*PI*18.9*18.9*0
REF*PO*0020101011
REF*ST*04777
REF*DP*043
DTM*999*20101010
RMR*IK*477720101012*PI*9.6*9.6*0
REF*PO*0020101012
REF*ST*04777
REF*DP*043
DTM*999*20101011
RMR*IK*477720101013*PI*8.1*8.1*0
REF*PO*0020101013
REF*ST*04777
REF*DP*043
DTM*999*20101012
RMR*IK*484720101008*PI*10.8*10.8*0
REF*PO*0020101008
REF*ST*04847
REF*DP*043
DTM*999*20101007
RMR*IK*484720101009*PI*3.68*3.68*0
REF*PO*0020101009
REF*ST*04847
REF*DP*043
DTM*999*20101008
RMR*IK*484720101010*PI*10.28*10.28*0
REF*PO*0020101010
REF*ST*04847
REF*DP*043
DTM*999*20101009
RMR*IK*484720101011*PI*15*15*0
REF*PO*0020101011
REF*ST*04847
REF*DP*043
DTM*999*20101010
RMR*IK*484720101012*PI*13.5*13.5*0
REF*PO*0020101012
REF*ST*04847
REF*DP*043
DTM*999*20101011
RMR*IK*484720101013*PI*30.61*30.61*0
REF*PO*0020101013
REF*ST*04847
REF*DP*043
DTM*999*20101012
RMR*IK*484720101014*PI*10.8*10.8*0
REF*PO*0020101014
REF*ST*04847
REF*DP*043
DTM*999*20101013
RMR*IK*486620101008*PI*9.9*9.9*0
REF*PO*0020101008
REF*ST*04866
REF*DP*043
DTM*999*20101007
RMR*IK*486620101009*PI*20.7*20.7*0
REF*PO*0020101009
REF*ST*04866
REF*DP*043
DTM*999*20101008
RMR*IK*486620101010*PI*28.35*28.35*0
REF*PO*0020101010
REF*ST*04866
REF*DP*043
DTM*999*20101009
RMR*IK*486620101011*PI*16.2*16.2*0
REF*PO*0020101011
REF*ST*04866
REF*DP*043
DTM*999*20101010
RMR*IK*486620101012*PI*32.4*32.4*0
REF*PO*0020101012
REF*ST*04866
REF*DP*043
DTM*999*20101011
RMR*IK*486620101013*PI*24.3*24.3*0
REF*PO*0020101013
REF*ST*04866
REF*DP*043
DTM*999*20101012
RMR*IK*486620101014*PI*11.1*11.1*0
REF*PO*0020101014
REF*ST*04866
REF*DP*043
DTM*999*20101013
RMR*IK*487220101008*PI*22.75*22.75*0
REF*PO*0020101008
REF*ST*04872
REF*DP*043
DTM*999*20101007
RMR*IK*487220101009*PI*16.2*16.2*0
REF*PO*0020101009
REF*ST*04872
REF*DP*043
DTM*999*20101008
RMR*IK*487220101010*PI*24.09*24.09*0
REF*PO*0020101010
REF*ST*04872
REF*DP*043
DTM*999*20101009
RMR*IK*487220101011*PI*6.75*6.75*0
REF*PO*0020101011
REF*ST*04872
REF*DP*043
DTM*999*20101010
RMR*IK*487220101012*PI*5.4*5.4*0
REF*PO*0020101012
REF*ST*04872
REF*DP*043
DTM*999*20101011
RMR*IK*487220101013*PI*12.15*12.15*0
REF*PO*0020101013
REF*ST*04872
REF*DP*043
DTM*999*20101012
RMR*IK*487220101014*PI*2.7*2.7*0
REF*PO*0020101014
REF*ST*04872
REF*DP*043
DTM*999*20101013
RMR*IK*489820101008*PI*10.8*10.8*0
REF*PO*0020101008
REF*ST*04898
REF*DP*043
DTM*999*20101007
RMR*IK*489820101009*PI*2.7*2.7*0
REF*PO*0020101009
REF*ST*04898
REF*DP*043
DTM*999*20101008
RMR*IK*489820101010*PI*29.85*29.85*0
REF*PO*0020101010
REF*ST*04898
REF*DP*043
DTM*999*20101009
RMR*IK*489820101011*PI*40.5*40.5*0
REF*PO*0020101011
REF*ST*04898
REF*DP*043
DTM*999*20101010
RMR*IK*489820101014*PI*2.7*2.7*0
REF*PO*0020101014
REF*ST*04898
REF*DP*043
DTM*999*20101013
RMR*IK*704320101009*PI*11.1*11.1*0
REF*PO*0020101009
REF*ST*07043
REF*DP*043
DTM*999*20101008
RMR*IK*704320101010*PI*2.7*2.7*0
REF*PO*0020101010
REF*ST*07043
REF*DP*043
DTM*999*20101009
RMR*IK*704320101013*PI*3*3*0
REF*PO*0020101013
REF*ST*07043
REF*DP*043
DTM*999*20101012
RMR*IK*704320101014*PI*10.5*10.5*0
REF*PO*0020101014
REF*ST*07043
REF*DP*043
DTM*999*20101013
RMR*IK*704520101008*PI*11.7*11.7*0
REF*PO*0020101008
REF*ST*07045
REF*DP*043
DTM*999*20101007
RMR*IK*704520101009*PI*12.3*12.3*0
REF*PO*0020101009
REF*ST*07045
REF*DP*043
DTM*999*20101008
RMR*IK*704520101010*PI*16.5*16.5*0
REF*PO*0020101010
REF*ST*07045
REF*DP*043
DTM*999*20101009
RMR*IK*704520101011*PI*10.8*10.8*0
REF*PO*0020101011
REF*ST*07045
REF*DP*043
DTM*999*20101010
RMR*IK*704520101012*PI*28.65*28.65*0
REF*PO*0020101012
REF*ST*07045
REF*DP*043
DTM*999*20101011
RMR*IK*704520101013*PI*34.7*34.7*0
REF*PO*0020101013
REF*ST*07045
REF*DP*043
DTM*999*20101012
RMR*IK*704520101014*PI*16.5*16.5*0
REF*PO*0020101014
REF*ST*07045
REF*DP*043
DTM*999*20101013
RMR*IK*706020101008*PI*22.05*22.05*0
REF*PO*0020101008
REF*ST*07060
REF*DP*043
DTM*999*20101007
RMR*IK*706020101009*PI*9*9*0
REF*PO*0020101009
REF*ST*07060
REF*DP*043
DTM*999*20101008
RMR*IK*706020101010*PI*14.1*14.1*0
REF*PO*0020101010
REF*ST*07060
REF*DP*043
DTM*999*20101009
RMR*IK*706020101011*PI*8.4*8.4*0
REF*PO*0020101011
REF*ST*07060
REF*DP*043
DTM*999*20101010
RMR*IK*706020101012*PI*18*18*0
REF*PO*0020101012
REF*ST*07060
REF*DP*043
DTM*999*20101011
RMR*IK*706020101013*PI*40.8*40.8*0
REF*PO*0020101013
REF*ST*07060
REF*DP*043
DTM*999*20101012
RMR*IK*706020101014*PI*8.1*8.1*0
REF*PO*0020101014
REF*ST*07060
REF*DP*043
DTM*999*20101013
RMR*IK*706320101008*PI*18.9*18.9*0
REF*PO*0020101008
REF*ST*07063
REF*DP*043
DTM*999*20101007
RMR*IK*706320101009*PI*12.15*12.15*0
REF*PO*0020101009
REF*ST*07063
REF*DP*043
DTM*999*20101008
RMR*IK*706320101010*PI*5.4*5.4*0
REF*PO*0020101010
REF*ST*07063
REF*DP*043
DTM*999*20101009
RMR*IK*706320101011*PI*29.7*29.7*0
REF*PO*0020101011
REF*ST*07063
REF*DP*043
DTM*999*20101010
RMR*IK*706320101012*PI*37.8*37.8*0
REF*PO*0020101012
REF*ST*07063
REF*DP*043
DTM*999*20101011
RMR*IK*706320101013*PI*16.2*16.2*0
REF*PO*0020101013
REF*ST*07063
REF*DP*043
DTM*999*20101012
RMR*IK*706320101014*PI*5.4*5.4*0
REF*PO*0020101014
REF*ST*07063
REF*DP*043
DTM*999*20101013
RMR*IK*706420101008*PI*10.8*10.8*0
REF*PO*0020101008
REF*ST*07064
REF*DP*043
DTM*999*20101007
RMR*IK*706420101009*PI*10.8*10.8*0
REF*PO*0020101009
REF*ST*07064
REF*DP*043
DTM*999*20101008
RMR*IK*706420101010*PI*1.35*1.35*0
REF*PO*0020101010
REF*ST*07064
REF*DP*043
DTM*999*20101009
RMR*IK*706420101012*PI*5.4*5.4*0
REF*PO*0020101012
REF*ST*07064
REF*DP*043
DTM*999*20101011
RMR*IK*706420101013*PI*13.5*13.5*0
REF*PO*0020101013
REF*ST*07064
REF*DP*043
DTM*999*20101012
RMR*IK*706420101014*PI*5.4*5.4*0
REF*PO*0020101014
REF*ST*07064
REF*DP*043
DTM*999*20101013
RMR*IK*706620101008*PI*7.5*7.5*0
REF*PO*0020101008
REF*ST*07066
REF*DP*043
DTM*999*20101007
RMR*IK*706620101009*PI*15.5*15.5*0
REF*PO*0020101009
REF*ST*07066
REF*DP*043
DTM*999*20101008
RMR*IK*706620101012*PI*6.9*6.9*0
REF*PO*0020101012
REF*ST*07066
REF*DP*043
DTM*999*20101011
RMR*IK*706620101013*PI*17.65*17.65*0
REF*PO*0020101013
REF*ST*07066
REF*DP*043
DTM*999*20101012
RMR*IK*706620101014*PI*6.9*6.9*0
REF*PO*0020101014
REF*ST*07066
REF*DP*043
DTM*999*20101013
RMR*IK*706920101008*PI*33.1*33.1*0
REF*PO*0020101008
REF*ST*07069
REF*DP*043
DTM*999*20101007
RMR*IK*706920101009*PI*51.5*51.5*0
REF*PO*0020101009
REF*ST*07069
REF*DP*043
DTM*999*20101008
RMR*IK*706920101010*PI*21.45*21.45*0
REF*PO*0020101010
REF*ST*07069
REF*DP*043
DTM*999*20101009
RMR*IK*706920101011*PI*25.8*25.8*0
REF*PO*0020101011
REF*ST*07069
REF*DP*043
DTM*999*20101010
RMR*IK*706920101012*PI*33*33*0
REF*PO*0020101012
REF*ST*07069
REF*DP*043
DTM*999*20101011
RMR*IK*706920101013*PI*13.2*13.2*0
REF*PO*0020101013
REF*ST*07069
REF*DP*043
DTM*999*20101012
RMR*IK*706920101014*PI*11.1*11.1*0
REF*PO*0020101014
REF*ST*07069
REF*DP*043
DTM*999*20101013
RMR*IK*707620101009*PI*33.75*33.75*0
REF*PO*0020101009
REF*ST*07076
REF*DP*043
DTM*999*20101008
RMR*IK*707620101010*PI*25.65*25.65*0
REF*PO*0020101010
REF*ST*07076
REF*DP*043
DTM*999*20101009
RMR*IK*707620101011*PI*17.2*17.2*0
REF*PO*0020101011
REF*ST*07076
REF*DP*043
DTM*999*20101010
RMR*IK*707620101012*PI*5.4*5.4*0
REF*PO*0020101012
REF*ST*07076
REF*DP*043
DTM*999*20101011
RMR*IK*707620101013*PI*19.2*19.2*0
REF*PO*0020101013
REF*ST*07076
REF*DP*043
DTM*999*20101012
RMR*IK*713220101008*PI*86.1*86.1*0
REF*PO*0020101008
REF*ST*07132
REF*DP*043
DTM*999*20101007
RMR*IK*713220101009*PI*53.8*53.8*0
REF*PO*0020101009
REF*ST*07132
REF*DP*043
DTM*999*20101008
RMR*IK*713220101010*PI*96.49*96.49*0
REF*PO*0020101010
REF*ST*07132
REF*DP*043
DTM*999*20101009
RMR*IK*713220101011*PI*77.66*77.66*0
REF*PO*0020101011
REF*ST*07132
REF*DP*043
DTM*999*20101010
RMR*IK*713220101012*PI*73.36*73.36*0
REF*PO*0020101012
REF*ST*07132
REF*DP*043
DTM*999*20101011
RMR*IK*713220101013*PI*63.85*63.85*0
REF*PO*0020101013
REF*ST*07132
REF*DP*043
DTM*999*20101012
RMR*IK*713220101014*PI*32.4*32.4*0
REF*PO*0020101014
REF*ST*07132
REF*DP*043
DTM*999*20101013
RMR*IK*715420101008*PI*6*6*0
REF*PO*0020101008
REF*ST*07154
REF*DP*043
DTM*999*20101007
RMR*IK*715420101010*PI*4.2*4.2*0
REF*PO*0020101010
REF*ST*07154
REF*DP*043
DTM*999*20101009
RMR*IK*715420101012*PI*9*9*0
REF*PO*0020101012
REF*ST*07154
REF*DP*043
DTM*999*20101011
RMR*IK*715420101013*PI*4.5*4.5*0
REF*PO*0020101013
REF*ST*07154
REF*DP*043
DTM*999*20101012
RMR*IK*715420101014*PI*6*6*0
REF*PO*0020101014
REF*ST*07154
REF*DP*043
DTM*999*20101013
RMR*IK*720820101008*PI*68.9*68.9*0
REF*PO*0020101008
REF*ST*07208
REF*DP*043
DTM*999*20101007
RMR*IK*720820101009*PI*120.76*120.76*0
REF*PO*0020101009
REF*ST*07208
REF*DP*043
DTM*999*20101008
RMR*IK*720820101010*PI*128.55*128.55*0
REF*PO*0020101010
REF*ST*07208
REF*DP*043
DTM*999*20101009
RMR*IK*720820101011*PI*108.05*108.05*0
REF*PO*0020101011
REF*ST*07208
REF*DP*043
DTM*999*20101010
RMR*IK*720820101012*PI*87.4*87.4*0
REF*PO*0020101012
REF*ST*07208
REF*DP*043
DTM*999*20101011
RMR*IK*720820101013*PI*110.9*110.9*0
REF*PO*0020101013
REF*ST*07208
REF*DP*043
DTM*999*20101012
RMR*IK*720820101014*PI*70.65*70.65*0
REF*PO*0020101014
REF*ST*07208
REF*DP*043
DTM*999*20101013
RMR*IK*725520101008*PI*10.05*10.05*0
REF*PO*0020101008
REF*ST*07255
REF*DP*043
DTM*999*20101007
RMR*IK*725520101009*PI*73.15*73.15*0
REF*PO*0020101009
REF*ST*07255
REF*DP*043
DTM*999*20101008
RMR*IK*725520101010*PI*48.55*48.55*0
REF*PO*0020101010
REF*ST*07255
REF*DP*043
DTM*999*20101009
RMR*IK*725520101011*PI*50.95*50.95*0
REF*PO*0020101011
REF*ST*07255
REF*DP*043
DTM*999*20101010
RMR*IK*725520101012*PI*37.15*37.15*0
REF*PO*0020101012
REF*ST*07255
REF*DP*043
DTM*999*20101011
RMR*IK*725520101013*PI*56.5*56.5*0
REF*PO*0020101013
REF*ST*07255
REF*DP*043
DTM*999*20101012
RMR*IK*725520101014*PI*42.6*42.6*0
REF*PO*0020101014
REF*ST*07255
REF*DP*043
DTM*999*20101013
RMR*IK*727420101009*PI*95.08*95.08*0
REF*PO*0020101009
REF*ST*07274
REF*DP*043
DTM*999*20101008
RMR*IK*727420101010*PI*27.65*27.65*0
REF*PO*0020101010
REF*ST*07274
REF*DP*043
DTM*999*20101009
RMR*IK*727420101011*PI*18.38*18.38*0
REF*PO*0020101011
REF*ST*07274
REF*DP*043
DTM*999*20101010
RMR*IK*727420101012*PI*14.85*14.85*0
REF*PO*0020101012
REF*ST*07274
REF*DP*043
DTM*999*20101011
RMR*IK*727420101013*PI*19.73*19.73*0
REF*PO*0020101013
REF*ST*07274
REF*DP*043
DTM*999*20101012
RMR*IK*727420101014*PI*63.24*63.24*0
REF*PO*0020101014
REF*ST*07274
REF*DP*043
DTM*999*20101013
RMR*IK*727820101008*PI*43.51*43.51*0
REF*PO*0020101008
REF*ST*07278
REF*DP*043
DTM*999*20101007
RMR*IK*727820101009*PI*70.2*70.2*0
REF*PO*0020101009
REF*ST*07278
REF*DP*043
DTM*999*20101008
RMR*IK*727820101010*PI*83.7*83.7*0
REF*PO*0020101010
REF*ST*07278
REF*DP*043
DTM*999*20101009
RMR*IK*727820101011*PI*44.55*44.55*0
REF*PO*0020101011
REF*ST*07278
REF*DP*043
DTM*999*20101010
RMR*IK*727820101012*PI*62.1*62.1*0
REF*PO*0020101012
REF*ST*07278
REF*DP*043
DTM*999*20101011
RMR*IK*727820101013*PI*84.32*84.32*0
REF*PO*0020101013
REF*ST*07278
REF*DP*043
DTM*999*20101012
RMR*IK*727820101014*PI*66.15*66.15*0
REF*PO*0020101014
REF*ST*07278
REF*DP*043
DTM*999*20101013
RMR*IK*731720101011*PI*14.65*14.65*0
REF*PO*0020101011
REF*ST*07317
REF*DP*043
DTM*999*20101010
RMR*IK*731720101014*PI*8.1*8.1*0
REF*PO*0020101014
REF*ST*07317
REF*DP*043
DTM*999*20101013
RMR*IK*735320101008*PI*15.99*15.99*0
REF*PO*0020101008
REF*ST*07353
REF*DP*043
DTM*999*20101007
RMR*IK*735320101010*PI*7.4*7.4*0
REF*PO*0020101010
REF*ST*07353
REF*DP*043
DTM*999*20101009
RMR*IK*735320101011*PI*10.28*10.28*0
REF*PO*0020101011
REF*ST*07353
REF*DP*043
DTM*999*20101010
RMR*IK*735320101012*PI*48.39*48.39*0
REF*PO*0020101012
REF*ST*07353
REF*DP*043
DTM*999*20101011
RMR*IK*735320101013*PI*8.1*8.1*0
REF*PO*0020101013
REF*ST*07353
REF*DP*043
DTM*999*20101012
RMR*IK*735320101014*PI*41.94*41.94*0
REF*PO*0020101014
REF*ST*07353
REF*DP*043
DTM*999*20101013
RMR*IK*735420101008*PI*12.3*12.3*0
REF*PO*0020101008
REF*ST*07354
REF*DP*043
DTM*999*20101007
RMR*IK*735420101009*PI*6*6*0
REF*PO*0020101009
REF*ST*07354
REF*DP*043
DTM*999*20101008
RMR*IK*735420101010*PI*5.4*5.4*0
REF*PO*0020101010
REF*ST*07354
REF*DP*043
DTM*999*20101009
RMR*IK*735420101011*PI*23.7*23.7*0
REF*PO*0020101011
REF*ST*07354
REF*DP*043
DTM*999*20101010
RMR*IK*735420101012*PI*9.9*9.9*0
REF*PO*0020101012
REF*ST*07354
REF*DP*043
DTM*999*20101011
RMR*IK*735420101014*PI*13.8*13.8*0
REF*PO*0020101014
REF*ST*07354
REF*DP*043
DTM*999*20101013
RMR*IK*735820101008*PI*31.7*31.7*0
REF*PO*0020101008
REF*ST*07358
REF*DP*043
DTM*999*20101007
RMR*IK*735820101009*PI*44.55*44.55*0
REF*PO*0020101009
REF*ST*07358
REF*DP*043
DTM*999*20101008
RMR*IK*735820101010*PI*77.9*77.9*0
REF*PO*0020101010
REF*ST*07358
REF*DP*043
DTM*999*20101009
RMR*IK*735820101011*PI*62.9*62.9*0
REF*PO*0020101011
REF*ST*07358
REF*DP*043
DTM*999*20101010
RMR*IK*735820101012*PI*50.6*50.6*0
REF*PO*0020101012
REF*ST*07358
REF*DP*043
DTM*999*20101011
RMR*IK*735820101013*PI*41.6*41.6*0
REF*PO*0020101013
REF*ST*07358
REF*DP*043
DTM*999*20101012
RMR*IK*735820101014*PI*84*84*0
REF*PO*0020101014
REF*ST*07358
REF*DP*043
DTM*999*20101013
RMR*IK*740720101008*PI*24.3*24.3*0
REF*PO*0020101008
REF*ST*07407
REF*DP*043
DTM*999*20101007
RMR*IK*740720101009*PI*8.1*8.1*0
REF*PO*0020101009
REF*ST*07407
REF*DP*043
DTM*999*20101008
RMR*IK*740720101010*PI*16.2*16.2*0
REF*PO*0020101010
REF*ST*07407
REF*DP*043
DTM*999*20101009
RMR*IK*740720101011*PI*22.95*22.95*0
REF*PO*0020101011
REF*ST*07407
REF*DP*043
DTM*999*20101010
RMR*IK*740720101012*PI*18.9*18.9*0
REF*PO*0020101012
REF*ST*07407
REF*DP*043
DTM*999*20101011
RMR*IK*740720101013*PI*18.9*18.9*0
REF*PO*0020101013
REF*ST*07407
REF*DP*043
DTM*999*20101012
RMR*IK*740720101014*PI*37.8*37.8*0
REF*PO*0020101014
REF*ST*07407
REF*DP*043
DTM*999*20101013
RMR*IK*746120101008*PI*28.35*28.35*0
REF*PO*0020101008
REF*ST*07461
REF*DP*043
DTM*999*20101007
RMR*IK*746120101009*PI*9.75*9.75*0
REF*PO*0020101009
REF*ST*07461
REF*DP*043
DTM*999*20101008
RMR*IK*746120101010*PI*17.18*17.18*0
REF*PO*0020101010
REF*ST*07461
REF*DP*043
DTM*999*20101009
RMR*IK*746120101011*PI*8.1*8.1*0
REF*PO*0020101011
REF*ST*07461
REF*DP*043
DTM*999*20101010
RMR*IK*746120101012*PI*4.88*4.88*0
REF*PO*0020101012
REF*ST*07461
REF*DP*043
DTM*999*20101011
RMR*IK*746120101013*PI*13.5*13.5*0
REF*PO*0020101013
REF*ST*07461
REF*DP*043
DTM*999*20101012
RMR*IK*760720101008*PI*4.05*4.05*0
REF*PO*0020101008
REF*ST*07607
REF*DP*043
DTM*999*20101007
RMR*IK*760720101009*PI*5.7*5.7*0
REF*PO*0020101009
REF*ST*07607
REF*DP*043
DTM*999*20101008
RMR*IK*760720101010*PI*27.89*27.89*0
REF*PO*0020101010
REF*ST*07607
REF*DP*043
DTM*999*20101009
RMR*IK*760720101011*PI*10.8*10.8*0
REF*PO*0020101011
REF*ST*07607
REF*DP*043
DTM*999*20101010
RMR*IK*760720101012*PI*30.3*30.3*0
REF*PO*0020101012
REF*ST*07607
REF*DP*043
DTM*999*20101011
RMR*IK*760720101013*PI*24.31*24.31*0
REF*PO*0020101013
REF*ST*07607
REF*DP*043
DTM*999*20101012
RMR*IK*760720101014*PI*13.5*13.5*0
REF*PO*0020101014
REF*ST*07607
REF*DP*043
DTM*999*20101013
RMR*IK*762220101008*PI*44.34*44.34*0
REF*PO*0020101008
REF*ST*07622
REF*DP*043
DTM*999*20101007
RMR*IK*762220101009*PI*14.85*14.85*0
REF*PO*0020101009
REF*ST*07622
REF*DP*043
DTM*999*20101008
RMR*IK*762220101010*PI*18.9*18.9*0
REF*PO*0020101010
REF*ST*07622
REF*DP*043
DTM*999*20101009
RMR*IK*762220101011*PI*72.17*72.17*0
REF*PO*0020101011
REF*ST*07622
REF*DP*043
DTM*999*20101010
RMR*IK*762220101012*PI*53.79*53.79*0
REF*PO*0020101012
REF*ST*07622
REF*DP*043
DTM*999*20101011
RMR*IK*762220101013*PI*27*27*0
REF*PO*0020101013
REF*ST*07622
REF*DP*043
DTM*999*20101012
RMR*IK*762220101014*PI*44.65*44.65*0
REF*PO*0020101014
REF*ST*07622
REF*DP*043
DTM*999*20101013
RMR*IK*762620101008*PI*25.13*25.13*0
REF*PO*0020101008
REF*ST*07626
REF*DP*043
DTM*999*20101007
RMR*IK*762620101009*PI*28.78*28.78*0
REF*PO*0020101009
REF*ST*07626
REF*DP*043
DTM*999*20101008
RMR*IK*762620101010*PI*34.2*34.2*0
REF*PO*0020101010
REF*ST*07626
REF*DP*043
DTM*999*20101009
RMR*IK*762620101011*PI*39.59*39.59*0
REF*PO*0020101011
REF*ST*07626
REF*DP*043
DTM*999*20101010
RMR*IK*762620101012*PI*61.58*61.58*0
REF*PO*0020101012
REF*ST*07626
REF*DP*043
DTM*999*20101011
RMR*IK*762620101013*PI*47.83*47.83*0
REF*PO*0020101013
REF*ST*07626
REF*DP*043
DTM*999*20101012
RMR*IK*762620101014*PI*16.2*16.2*0
REF*PO*0020101014
REF*ST*07626
REF*DP*043
DTM*999*20101013
RMR*IK*762720101008*PI*6.9*6.9*0
REF*PO*0020101008
REF*ST*07627
REF*DP*043
DTM*999*20101007
RMR*IK*762720101009*PI*9.6*9.6*0
REF*PO*0020101009
REF*ST*07627
REF*DP*043
DTM*999*20101008
RMR*IK*762720101011*PI*4.2*4.2*0
REF*PO*0020101011
REF*ST*07627
REF*DP*043
DTM*999*20101010
RMR*IK*762720101012*PI*44.7*44.7*0
REF*PO*0020101012
REF*ST*07627
REF*DP*043
DTM*999*20101011
RMR*IK*762720101013*PI*28.8*28.8*0
REF*PO*0020101013
REF*ST*07627
REF*DP*043
DTM*999*20101012
RMR*IK*762720101014*PI*21.75*21.75*0
REF*PO*0020101014
REF*ST*07627
REF*DP*043
DTM*999*20101013
RMR*IK*771820101008*PI*25.65*25.65*0
REF*PO*0020101008
REF*ST*07718
REF*DP*043
DTM*999*20101007
RMR*IK*771820101009*PI*13.5*13.5*0
REF*PO*0020101009
REF*ST*07718
REF*DP*043
DTM*999*20101008
RMR*IK*771820101010*PI*78.3*78.3*0
REF*PO*0020101010
REF*ST*07718
REF*DP*043
DTM*999*20101009
RMR*IK*771820101011*PI*58.7*58.7*0
REF*PO*0020101011
REF*ST*07718
REF*DP*043
DTM*999*20101010
RMR*IK*771820101012*PI*49.95*49.95*0
REF*PO*0020101012
REF*ST*07718
REF*DP*043
DTM*999*20101011
RMR*IK*771820101013*PI*44.2*44.2*0
REF*PO*0020101013
REF*ST*07718
REF*DP*043
DTM*999*20101012
RMR*IK*771820101014*PI*49.95*49.95*0
REF*PO*0020101014
REF*ST*07718
REF*DP*043
DTM*999*20101013
RMR*IK*912120101008*PI*4.05*4.05*0
REF*PO*0020101008
REF*ST*09121
REF*DP*043
DTM*999*20101007
RMR*IK*912120101009*PI*16.76*16.76*0
REF*PO*0020101009
REF*ST*09121
REF*DP*043
DTM*999*20101008
RMR*IK*912120101010*PI*17.55*17.55*0
REF*PO*0020101010
REF*ST*09121
REF*DP*043
DTM*999*20101009
RMR*IK*912120101012*PI*30.88*30.88*0
REF*PO*0020101012
REF*ST*09121
REF*DP*043
DTM*999*20101011
RMR*IK*912120101014*PI*2.7*2.7*0
REF*PO*0020101014
REF*ST*09121
REF*DP*043
DTM*999*20101013
RMR*IK*950320101008*PI*21.6*21.6*0
REF*PO*0020101008
REF*ST*09503
REF*DP*043
DTM*999*20101007
RMR*IK*950320101009*PI*13.5*13.5*0
REF*PO*0020101009
REF*ST*09503
REF*DP*043
DTM*999*20101008
RMR*IK*950320101010*PI*56.94*56.94*0
REF*PO*0020101010
REF*ST*09503
REF*DP*043
DTM*999*20101009
RMR*IK*950320101011*PI*9.76*9.76*0
REF*PO*0020101011
REF*ST*09503
REF*DP*043
DTM*999*20101010
RMR*IK*950320101012*PI*6.75*6.75*0
REF*PO*0020101012
REF*ST*09503
REF*DP*043
DTM*999*20101011
RMR*IK*950320101013*PI*12.15*12.15*0
REF*PO*0020101013
REF*ST*09503
REF*DP*043
DTM*999*20101012
RMR*IK*950320101014*PI*64.93*64.93*0
REF*PO*0020101014
REF*ST*09503
REF*DP*043
DTM*999*20101013
RMR*IK*951320101010*PI*13.5*13.5*0
REF*PO*0020101010
REF*ST*09513
REF*DP*043
DTM*999*20101009
RMR*IK*951320101011*PI*3*3*0
REF*PO*0020101011
REF*ST*09513
REF*DP*043
DTM*999*20101010
RMR*IK*951320101014*PI*2.7*2.7*0
REF*PO*0020101014
REF*ST*09513
REF*DP*043
DTM*999*20101013
RMR*IK*954920101008*PI*13.5*13.5*0
REF*PO*0020101008
REF*ST*09549
REF*DP*043
DTM*999*20101007
RMR*IK*954920101009*PI*21.08*21.08*0
REF*PO*0020101009
REF*ST*09549
REF*DP*043
DTM*999*20101008
RMR*IK*954920101010*PI*34.99*34.99*0
REF*PO*0020101010
REF*ST*09549
REF*DP*043
DTM*999*20101009
RMR*IK*954920101011*PI*2.7*2.7*0
REF*PO*0020101011
REF*ST*09549
REF*DP*043
DTM*999*20101010
RMR*IK*954920101012*PI*4.05*4.05*0
REF*PO*0020101012
REF*ST*09549
REF*DP*043
DTM*999*20101011
RMR*IK*954920101013*PI*2.18*2.18*0
REF*PO*0020101013
REF*ST*09549
REF*DP*043
DTM*999*20101012
RMR*IK*956320101008*PI*5.4*5.4*0
REF*PO*0020101008
REF*ST*09563
REF*DP*043
DTM*999*20101007
RMR*IK*956320101009*PI*34.3*34.3*0
REF*PO*0020101009
REF*ST*09563
REF*DP*043
DTM*999*20101008
RMR*IK*956320101012*PI*8.1*8.1*0
REF*PO*0020101012
REF*ST*09563
REF*DP*043
DTM*999*20101011
RMR*IK*956320101013*PI*2.7*2.7*0
REF*PO*0020101013
REF*ST*09563
REF*DP*043
DTM*999*20101012
RMR*IK*956320101014*PI*23.78*23.78*0
REF*PO*0020101014
REF*ST*09563
REF*DP*043
DTM*999*20101013
RMR*IK*957120101008*PI*8.1*8.1*0
REF*PO*0020101008
REF*ST*09571
REF*DP*043
DTM*999*20101007
RMR*IK*957120101009*PI*1.5*1.5*0
REF*PO*0020101009
REF*ST*09571
REF*DP*043
DTM*999*20101008
RMR*IK*957120101010*PI*13.15*13.15*0
REF*PO*0020101010
REF*ST*09571
REF*DP*043
DTM*999*20101009
RMR*IK*957120101011*PI*23.05*23.05*0
REF*PO*0020101011
REF*ST*09571
REF*DP*043
DTM*999*20101010
RMR*IK*957120101012*PI*16.2*16.2*0
REF*PO*0020101012
REF*ST*09571
REF*DP*043
DTM*999*20101011
RMR*IK*957120101013*PI*32.65*32.65*0
REF*PO*0020101013
REF*ST*09571
REF*DP*043
DTM*999*20101012
RMR*IK*957120101014*PI*32.4*32.4*0
REF*PO*0020101014
REF*ST*09571
REF*DP*043
DTM*999*20101013
RMR*IK*962020101009*PI*2.7*2.7*0
REF*PO*0020101009
REF*ST*09620
REF*DP*043
DTM*999*20101008
RMR*IK*962020101010*PI*1.35*1.35*0
REF*PO*0020101010
REF*ST*09620
REF*DP*043
DTM*999*20101009
RMR*IK*962120101008*PI*29.9*29.9*0
REF*PO*0020101008
REF*ST*09621
REF*DP*043
DTM*999*20101007
RMR*IK*962120101009*PI*79.65*79.65*0
REF*PO*0020101009
REF*ST*09621
REF*DP*043
DTM*999*20101008
RMR*IK*962120101010*PI*78.3*78.3*0
REF*PO*0020101010
REF*ST*09621
REF*DP*043
DTM*999*20101009
RMR*IK*962120101011*PI*28.35*28.35*0
REF*PO*0020101011
REF*ST*09621
REF*DP*043
DTM*999*20101010
RMR*IK*962120101012*PI*51.3*51.3*0
REF*PO*0020101012
REF*ST*09621
REF*DP*043
DTM*999*20101011
RMR*IK*962120101013*PI*45.9*45.9*0
REF*PO*0020101013
REF*ST*09621
REF*DP*043
DTM*999*20101012
RMR*IK*962120101014*PI*37.8*37.8*0
REF*PO*0020101014
REF*ST*09621
REF*DP*043
DTM*999*20101013
RMR*IK*962520101008*PI*21.6*21.6*0
REF*PO*0020101008
REF*ST*09625
REF*DP*043
DTM*999*20101007
RMR*IK*962520101009*PI*8.1*8.1*0
REF*PO*0020101009
REF*ST*09625
REF*DP*043
DTM*999*20101008
RMR*IK*962520101010*PI*13.5*13.5*0
REF*PO*0020101010
REF*ST*09625
REF*DP*043
DTM*999*20101009
RMR*IK*962520101011*PI*10.8*10.8*0
REF*PO*0020101011
REF*ST*09625
REF*DP*043
DTM*999*20101010
RMR*IK*962520101012*PI*13.5*13.5*0
REF*PO*0020101012
REF*ST*09625
REF*DP*043
DTM*999*20101011
RMR*IK*962520101013*PI*9.45*9.45*0
REF*PO*0020101013
REF*ST*09625
REF*DP*043
DTM*999*20101012
RMR*IK*962920101008*PI*7.45*7.45*0
REF*PO*0020101008
REF*ST*09629
REF*DP*043
DTM*999*20101007
RMR*IK*962920101009*PI*48.6*48.6*0
REF*PO*0020101009
REF*ST*09629
REF*DP*043
DTM*999*20101008
RMR*IK*962920101010*PI*35.1*35.1*0
REF*PO*0020101010
REF*ST*09629
REF*DP*043
DTM*999*20101009
RMR*IK*962920101011*PI*2.7*2.7*0
REF*PO*0020101011
REF*ST*09629
REF*DP*043
DTM*999*20101010
RMR*IK*962920101012*PI*16.2*16.2*0
REF*PO*0020101012
REF*ST*09629
REF*DP*043
DTM*999*20101011
RMR*IK*962920101013*PI*22.95*22.95*0
REF*PO*0020101013
REF*ST*09629
REF*DP*043
DTM*999*20101012
RMR*IK*962920101014*PI*27*27*0
REF*PO*0020101014
REF*ST*09629
REF*DP*043
DTM*999*20101013
RMR*IK*963320101008*PI*53.9*53.9*0
REF*PO*0020101008
REF*ST*09633
REF*DP*043
DTM*999*20101007
RMR*IK*963320101009*PI*50.85*50.85*0
REF*PO*0020101009
REF*ST*09633
REF*DP*043
DTM*999*20101008
RMR*IK*963320101010*PI*53.6*53.6*0
REF*PO*0020101010
REF*ST*09633
REF*DP*043
DTM*999*20101009
RMR*IK*963320101011*PI*19.9*19.9*0
REF*PO*0020101011
REF*ST*09633
REF*DP*043
DTM*999*20101010
RMR*IK*963320101012*PI*63.75*63.75*0
REF*PO*0020101012
REF*ST*09633
REF*DP*043
DTM*999*20101011
RMR*IK*963320101013*PI*83.6*83.6*0
REF*PO*0020101013
REF*ST*09633
REF*DP*043
DTM*999*20101012
RMR*IK*963320101014*PI*60*60*0
REF*PO*0020101014
REF*ST*09633
REF*DP*043
DTM*999*20101013
RMR*IK*964820101008*PI*77.1*77.1*0
REF*PO*0020101008
REF*ST*09648
REF*DP*043
DTM*999*20101007
RMR*IK*964820101009*PI*88.55*88.55*0
REF*PO*0020101009
REF*ST*09648
REF*DP*043
DTM*999*20101008
RMR*IK*964820101010*PI*64.5*64.5*0
REF*PO*0020101010
REF*ST*09648
REF*DP*043
DTM*999*20101009
RMR*IK*964820101011*PI*97.9*97.9*0
REF*PO*0020101011
REF*ST*09648
REF*DP*043
DTM*999*20101010
RMR*IK*964820101012*PI*95.4*95.4*0
REF*PO*0020101012
REF*ST*09648
REF*DP*043
DTM*999*20101011
RMR*IK*964820101013*PI*63.25*63.25*0
REF*PO*0020101013
REF*ST*09648
REF*DP*043
DTM*999*20101012
RMR*IK*964820101014*PI*120.55*120.55*0
REF*PO*0020101014
REF*ST*09648
REF*DP*043
DTM*999*20101013
RMR*IK*967420101008*PI*63.45*63.45*0
REF*PO*0020101008
REF*ST*09674
REF*DP*043
DTM*999*20101007
RMR*IK*967420101009*PI*47.25*47.25*0
REF*PO*0020101009
REF*ST*09674
REF*DP*043
DTM*999*20101008
RMR*IK*967420101010*PI*37.8*37.8*0
REF*PO*0020101010
REF*ST*09674
REF*DP*043
DTM*999*20101009
RMR*IK*967420101011*PI*24.3*24.3*0
REF*PO*0020101011
REF*ST*09674
REF*DP*043
DTM*999*20101010
RMR*IK*967420101012*PI*35.1*35.1*0
REF*PO*0020101012
REF*ST*09674
REF*DP*043
DTM*999*20101011
RMR*IK*967420101013*PI*70.2*70.2*0
REF*PO*0020101013
REF*ST*09674
REF*DP*043
DTM*999*20101012
RMR*IK*967420101014*PI*35.1*35.1*0
REF*PO*0020101014
REF*ST*09674
REF*DP*043
DTM*999*20101013
RMR*IK*972820101009*PI*5.4*5.4*0
REF*PO*0020101009
REF*ST*09728
REF*DP*043
DTM*999*20101008
RMR*IK*972820101011*PI*8.1*8.1*0
REF*PO*0020101011
REF*ST*09728
REF*DP*043
DTM*999*20101010
RMR*IK*972820101012*PI*2.7*2.7*0
REF*PO*0020101012
REF*ST*09728
REF*DP*043
DTM*999*20101011
RMR*IK*972820101014*PI*5.4*5.4*0
REF*PO*0020101014
REF*ST*09728
REF*DP*043
DTM*999*20101013
RMR*IK*975820101008*PI*28.35*28.35*0
REF*PO*0020101008
REF*ST*09758
REF*DP*043
DTM*999*20101007
RMR*IK*975820101009*PI*44.55*44.55*0
REF*PO*0020101009
REF*ST*09758
REF*DP*043
DTM*999*20101008
RMR*IK*975820101010*PI*5.4*5.4*0
REF*PO*0020101010
REF*ST*09758
REF*DP*043
DTM*999*20101009
RMR*IK*975820101011*PI*10.8*10.8*0
REF*PO*0020101011
REF*ST*09758
REF*DP*043
DTM*999*20101010
RMR*IK*975820101012*PI*24.3*24.3*0
REF*PO*0020101012
REF*ST*09758
REF*DP*043
DTM*999*20101011
RMR*IK*975820101013*PI*25.65*25.65*0
REF*PO*0020101013
REF*ST*09758
REF*DP*043
DTM*999*20101012
RMR*IK*975820101014*PI*22.95*22.95*0
REF*PO*0020101014
REF*ST*09758
REF*DP*043
DTM*999*20101013
SE*2904*0001
GE*1*1000240
IEA*1*001000240
ISA*00*          *00*          *08*9254110060     *12*6154525825     *101108*1501*^*00501*000000002*0*P*>
GS*FA*5137624388*6154525825*20101108*1501*815011713*X*005010
ST*997*815011714
AK1*DX*7
AK2*894*236984
AK5*A
AK2*894*236985
AK5*A
AK9*A*2*2*2
SE*8*815011714
GE*1*815011713
IEA*1*000000002
ISA*00*          *00*          *08*9254291001     *12*6154525825     *101109*0421*U*00400*000001162*0*P*>
GS*PD*9254291001*6154525825*20101109*0421*1162*X*004010
ST*852*0001
XQ*H*20101109
N9*AD*T00000040
LIN**IN*002904411*ZZ*43*UP*831664001160*****DG*1*VS*00000
ZA*QS***006*20101108
CTP**UCP*.5
SDQ*EA*ZZ*3103*6*3703*1*4093*13*4757*1*7069*2*7208*5*7354*7*7358*9*7622*4*7718*20
SDQ*EA*ZZ*9549*20
CTT*1
SE*10*0001
ST*852*0002
XQ*H*20101109
N9*AD*T00000040
LIN**IN*097096111*ZZ*43*UP*831664000330*****DG*1*VS*00000
ZA*QS***006*20101108
CTP**UCP*.5
SDQ*EA*ZZ*3703*28*7358*2*7718*1
CTT*1
SE*9*0002
GE*2*1162
IEA*1*000001162
